1708 3086
371 216 386 240 )

489 219 534 279 'A
561 204 610 276 n*
652 215 709 278 L.
768 237 807 279 1.
867 240 1043 283 CAP.
1101 243 1210 287 xv.
1472 257 1531 299 49

553 350 919 404 CAPUT
988 356 1107 409 XV.

135 464 139 470 ,
245 419 287 476 5.
321 424 358 466 1.
416 421 604 464 Poecilen
614 425 826 466 Aeschinis
847 427 1011 481 quidem
1029 436 1157 472 aetate
1176 433 1228 474 ad
1245 435 1381 479 forum
1400 440 1526 483 fuisse

131 472 186 520 ex
202 478 266 519 his
289 480 376 534 ejus
398 481 535 521 verbis
556 489 698 524 contra
718 484 894 539 Ctesiph.
912 500 954 540 p.
980 490 1061 533 156
1087 489 1292 534 Wunderl.
1326 497 1426 552 (163
1451 513 1524 541 seu

128 532 234 592 575)
254 538 512 591 intelligitur:
545 542 804 596 Προσὲλθετε
822 542 935 599 (fors.
970 547 1221 601 Προέλθετε)
1254 547 1329 594 οὖν’
1354 561 1404 611 τῇ
1436 560 1522 600 δια-

128 596 227 652 νοίᾳ
247 595 315 638 καὶ
333 597 391 646 εἰς
411 595 489 652 τὴν
510 597 635 642 στοὰν
655 598 731 655 τήν
748 603 956 657 ποικίλην.
981 598 1202 649 Ἀπάντων
1218 606 1295 666 γὰρ
1321 607 1419 666 ὑμῖν
1440 620 1540 659 τῶν.

127 650 266 695 καλῶν
295 653 425 710 ἔργων
454 653 505 697 τὰ
532 654 804 712 ὑπομνήματα
829 660 874 703 ἐν
915 665 970 717 τῇ
997 655 1132 721 ἆγορᾷ
1170 663 1389 719 ἀνάκειται.
1430 673 1522 714 Hoc

129 707 392 752 ‘confirmatur
412 727 537 754 aeneo
557 715 749 757 Mercurii
767 719 1005 770 simulacro,
1037 722 1149 774 quod
1165 723 1217 764 de
1237 725 1329 766 soro
1346 729 1418 768 ubi
1438 738 1521 770 ste-

125 768 182 808 tit*
198 765 395 825 ἀγοραῖος
408 768 563 827 Ἑρμῆς
583 773 755 826 dictum,
785 777 964 818 vicinum
979 779 1164 821 Poecilae
1187 783 1278 823 fuit.
1315 786 1383 825 Sic
1415 789 1521 828 enim

123 824 330 867 Lucianus
375 828 420 868 in
453 829 555 871 Jove
610 833 726 886 Trag.
766 839 822 880 33
862 833 1016 891 Ἑρμῆς
1055 834 1080 880 ὅ
1111 835 1307 896 ἀγοραῖος
1348 839 1372 887 ὅ
1409 842 1523 900 παρὰ

123 880 200 937 τὴν
222 886 439 940 Ποικίλην.
470 889 541 928 ubi
560 889 986 947 ScholiastavAgoraei
1000 909 1224 949 cognomen
1244 901 1302 940 ita
1319 901 1521 957 interpre-

122 947 254 982 tatur:
284 939 340 993 ὥς
363 945 408 987 ἐν
427 949 482 1001 τῇ
501 942 637 1006 ἀγορᾷ
657 950 886 1005 ἱδρυμένος,
941 953 1021 993 Sed
1040 956 1150 1009 apud
1166 959 1403 1000 Pausaniam
1423 962 1519 1000 nul-

121 1000 164 1039 la
184 1007 244 1039 est
263 998 499 1053 significatio
510 1035 522 1054 ‚
546 1006 736 1047 Poecilen
775 1010 819 1048 in
836 1009 927 1049 foro
946 1012 1098 1066 fuisse5
1125 1029 1273 1069 nequer
1287 1032 1375 1058 eam
1396 1019 1519 1060 Cera-

121 1058 218 1098 mici
234 1058 381 1099 finibus
399 1061 591 1115 includit,
622 1066 694 1105 sed
714 1073 919 1108 extra1eos
937 1071 1077 1122 ponit,
1107 1080 1154 1113 ut
1166 1081 1280 1127 patet
1298 1090 1320 1116 e
1336 1090 1422 1130 cap.
1449 1080 1520 1129 14,

120 1117 162 1160 5.
190 1116 409 1159 Pausaniae
428 1129 643 1173 sequentes
667 1125 857 1177 vestigia,
909 1128 1100 1170 Poecilen
1118 1132 1225 1174 inter
1243 1132 1519 1186 ceramicum,

118 1172 293 1215 Vulcani
310 1176 556 1232 Venerisque
576 1181 746 1222 Uraniae
761 1184 934 1237 templa,
969 1193 1008 1226 et
1035 1187 1141 1228 inter
1172 1204 1264 1230 eum
1296 1192 1424 1233 fuisse
1450 1193 1519 1232 lo-

120 1245 228 1282 cum,
260 1247 471 1289 quemcap.
486 1241 552 1288 17,
569 1242 590 1281 1
611 1234 770 1294 ἆγορᾶν
794 1249 938 1294 vocat,
966 1258 1069 1297 quae
1089 1261 1256 1288 necesse
1274 1257 1335 1290 est
1354 1251 1518 1291 diversa.

118 1289 244 1330 suerit
266 1292 315 1331 ab
337 1297 487 1352 αγορᾷ,
516 1296 640 1348 vulgo
663 1304 800 1339 vetere
820 1300 947 1352 c‘f'cta,
993 1309 1033 1342 et
1058 1304 1264 1345 Ceramico
1293 1308 1488 1349 attributa
1502 1339 1518 1359 ‚

119 1360 215 1399 ergo
236 1351 397 1403 utrique
417 1352 508 1391 foro
528 1359 567 1392 et
586 1356 716 1394 veteri
743 1363 784 1396 et
810 1360 1029 1400 recentiori
1063 1364 1264 1416 appellato
1296 1367 1519 1420 interposi-

117 1410 201 1444 tam
224 1408 489 1459 cogitabimus
506 1412 572 1451 vel
588 1413 778 1454 vicinam.
837 1417 896 1456 De
911 1416 992 1457 hoc
1014 1418 1223 1462 Mercurio
1245 1421 1438 1477 Agoraeo
1461 1425 1518 1463 cf.

115 1470 279 1516 praeter
309 1465 346 1504 d.
364 1467 391 1505 l.
418 1468 584 1509 Luciani
602 1471 722 1511 etiam
751 1472 986 1514 Philochori
1014 1476 1172 1530 Fragm.
1192 1494 1233 1533 p.
1264 1485 1323 1525 48
1352 1496 1411 1535 sq.
1442 1482 1518 1532 ubi

117 1534 222 1573 quae
250 1521 318 1561 hic
353 1524 502 1565 dicitur
533 1524 637 1582 πύλη
651 1561 663 1580 ,
703 1538 877 1572 vocatur
910 1536 1040 1584 πυλίς.
1081 1535 1198 1576 Hanc
1228 1540 1438 1592 portulam
1463 1540 1516 1579 Ο.

115 1577 288 1619 Mueller
313 1581 355 1620 in
382 1579 541 1623 Ers‘chii
569 1592 609 1624 et
641 1588 815 1631 Gruberi
842 1591 939 1630 Enc.
970 1592 1015 1631 T.
1035 1597 1062 1637 6
1078 1607 1119 1645 p.
1142 1599 1227 1640 232
1247 1597 1517 1649 probabiliter

107 1636 318 1685 *existimat
352 1640 430 1680 fori
457 1643 603 1693 fuisse,
634 1645 707 1685 sed
731 1646 844 1687 haud
875 1648 997 1688 dubie
1019 1665 1096 1703 pro
1126 1654 1354 1699 recentiore
1379 1655 1516 1695 voluit

113 1688 482 1748 vetuslsignificare
513 1701 671 1752 forum,
703 1717 829 1756 quum
857 1707 1002 1758 addat,
1027 1707 1266 1750 Pausaniam
1301 1726 1376 1765 per
1405 1712 1516 1752 hanc

111 1753 318 1803 portulam
337 1756 468 1797 videri
488 1758 540 1797 ad
556 1759 744 1801 Poecilen
771 1765 1014 1816 perrexisse.
1036 1764 1295 1808 Hawkinsius
1325 1770 1514 1819 credidit,

112 1810 220 1851 hanc
240 1807 372 1865 πύλην
394 1820 434 1853 et
453 1812 525 1864 τὰς
544 1821 619 1858 τοῦ
632 1823 894 1872 Κεραμεικοῦ
905 1819 1042 1873 ,πύλας
1065 1826 1225 1866 easdem
1243 1841 1341 1877 esse,
1359 1842 1401 1882 p.
1426 1830 1517 1873 509

111 1869 156 1909 in
174 1869 367 1923 Walpolii
382 1872 560 1926 Turkey.
591 1874 711 1915 Hunc
731 1875 1006 1921 Plistarckum
1034 1890 1233 1924 memorat
1263 1886 1383 1925 etiam
1412 1886 1514 1926 Dio-

37 1959 41 1965 ,
112 1925 240 1987 «lorus
271 1929 350 1967 Sic.
377 1930 487 1979 XIX,
509 1934 578 1974 77.
598 1932 822 1988 ἒπέτραπτο
838 1936 968 1991 Mosq.

226 1984 268 2038 9⁸.
302 1990 342 2030 2.
401 1987 461 2027 De
482 1986 564 2027 hoc
586 1997 627 2029 et
647 1991 805 2030 duobus
823 1996 1022 2047 proximis
1031 1999 1296 2053 paragraphis
1316 2002 1513 2043 observa-

107 2039 310 2081 tiunculas
327 2044 520 2096 quasdam
529 2046 764 2090 Amaltheae
773 2053 972 2093 volumini
994 2057 1172 2097 secundo
1190 2059 1424 2100 inserendas
1433 2074 1512 2099 nu-

107 2110 185 2150 per
205 2099 257 2138 ad
274 2100 551 2154 Boetn'gerum
569 2107 765 2147 misimus.
835 2111 869 2150 E
896 2112 1033 2152 verbis
1055 2114 1099 2156 ἐν
1116 2119 1173 2170 τῷ
1198 2117 1305 2174 μέσῳ
1322 2122 1402 2159 τῶν
1430 2118 1516 2160 τοί-

102 2163 193 2209 ’χων
232 2166 419 2210 apparet,
457 2160 564 2201 hanc
589 2166 795 2216 porticum
825 2183 848 2207 a
875 2170 1008 2210 tribus
1041 2173 1227 2225 partibus
1258 2175 1456 2229 clausam,
1488 2189 1512 2214 a

109 2221 255 2265 quarta
274 2223 426 2268 autem,
459 2234 540 2272 qua
558 2222 690 2262 aditus
718 2226 900 2278 patebat,
956 2236 1136 2282 apertam
1168 2232 1304 2271 fuisse.
1338 2229 1362 2275 ὁ
1391 2232 1514 2287 μέὰος

106 2274 189 2313 τῶν
206 2273 353 2327 τοίχων
381 2284 543 2329 apertae
570 2282 680 2332 parti
709 2297 782 2322 seu
809 2285 1112 2327 introeuntibus
1141 2291 1376 2342 oppositus,
1412 2291 1513 2330 reli-

107 2329 198 2381 quis
219 2331 380 2372 duobus
400 2337 625 2388 parietibus
641 2338 754 2380 haud
773 2341 895 2383 dubie
913 2341 1076 2396 longiOr
1089 2346 1180 2385 fuit.
1243 2348 1298 2386 De
1320 2349 1397 2387 alia
1412 2363 1515 2402 por-
1588 2376 1591 2378 -

105 2386 193 2426 ficu
210 2388 403 2442 loquenS,
432 2395 611 2436 medium
636 2397 721 2451 ejus
763 2401 960 2453 parietem
987 2408 1122 2457 τοῖχον
1153 2401 1225 2446 τὸν
1257 2407 1385 2460 πέραν
1412 2406 1514 2445 dicit

106 2442 139 2490 I,
164 2450 204 2495 3,
220 2451 261 2490 2.
321 2449 536 2492 Pausanias
569 2453 759 2496 Poecilen
786 2459 1013 2510 ingressus,
1061 2462 1242 2514 primum
1274 2464 1432 2503 accedit
1461 2462 1515 2501 ad

109 2500 279 2544 alterum
295 2520 346 2545 ex
363 2511 589 2561 parietibus
611 2513 697 2566 ejus
725 2517 1050 2567 angustioribus,
1079 2519 1122 2557 in
1140 2533 1221 2571 quo
1252 2528 1366 2560 erant
1385 2523 1509 2575 Picta,

110 2568 214 2607 quae
229 2573 446 2606 narrantur
463 2570 600 2609 verbis
624 2568 727 2626 αὕτη
750 2572 1089 2622 (δὲ-συνιόντες.
1157 2577 1264 2615 Hinc
1296 2574 1510 2627 progredi-

107 2618 177 2651 tur
196 2613 247 2652 ad
263 2622 435 2658 medium
458 2639 631 2681 eumque
653 2631 892 2684 ampliorem
920 2632 1139 2684 parietem
1182 2641 1249 2679 «1¹²1
1278 2631 1511 2672 continebat

108 2683 175 2709 res
203 2672 340 2711 verbis
367 2674 410 2715 ἐν
442 2675 486 2718 δὲ
516 2689 573 2732 τῷ
588 2687 840 2737 asagora&
872 2679 1149 2736 Κασσάνδραν
1176 2684 1218 2738 §-
1242 2690 1268 2730 3
1288 2691 1507 2742 expositas,

109 2728 207 2767 Inde
231 2743 273 2769 se
292 2733 492 2773 convertit
512 2735 565 2774 ad
583 2737 753 2778 alterum
782 2739 979 2792 parietem
1006 2739 1257 2796 breviorem,
1299 2747 1370 2801 qui
1405 2761 1515 2802 quae

109 2788 485 2843 comprehenderit,
516 2801 678 2835 enarrat
694 2795 737 2852 §.
759 2799 801 2841 4.
1104 2847 1111 2853 ‚

140 2855 204 2907 Χαιιῑ
230 2856 330 2892 Τοηι.
355 2858 389 2893 1.
1172 2858 1206 2900 ἃ
