1708 3086
234 293 307 325 ΧΠ
741 285 1115 326 PRAEFATIO.

232 392 296 441 rit
318 389 393 439 'ad
419 388 657 458 hymnum
682 387 735 436 in
774 392 1016 441 Cererem.
1039 407 1041 410 ·
1110 386 1255 438 Adde
1281 389 1516 455 judicium
1547 388 1616 442 de

229 459 435 510 Eumelo
456 460 519 521 Π,
558 464 583 510 1
618 458 718 507 init.
753 461 813 509 de
835 461 1045 528 Myrone
1073 459 1320 512 Prienensi
1347 473 1396 508 et
1418 459 1614 511 Rhiant'i

229 530 320 590 IV,
357 535 402 581 6
443 531 519 579 15.
591 527 722 577 Illud
755 549 952 597 quoque
988 529 1196 579 notabile
1233 543 1317 592 est,
1354 529 1489 595 quod
1520 532 1613 594 jati:

228 612 397 667 poetai
399 617 483 647 um
517 597 741 666 mythum
786 601 845 647 ab
892 599 1094 653 aliorum
1139 567 1489 648 narrationibus
1540 597 1614 648 di·-

229 667 467 729 stinxelit,
502 667 732 729 velutin,
768 673 851 730 21,
875 674 919 721 6
991 668 1165 736 Neque
1201 685 1314 717 vero
1333 673 1614 735 quenquam

228 736 389 786 mirari
424 754 632 803 aequum
662 751 746 798 est,
783 737 920 806 quod
954 738 1225 798 Pausanias,
1262 736 1399 816 quod
1431 737 1526 786 alio
1561 737 1613 788 111

224 805 341 855 1000
380 806 430 857 in
467 806 814 854 dubitationem
849 807 1066 870 vocavit,
1110 805 1239 854 idem
1284 806 1335 853 in
1377 805 1474 854 alio
1509 805 1613 858 sino

227 875 328 924 ulla
364 873 658 925 dubitatione
696 876 885 939 extulit3
921 876 1005 925 hic
1042 875 1169 924 enim
1205 875 1336 940 vulgi
1380 888 1614 954 sequutus

229 958 301 993 est
337 943 635 1010 opinionem:
671 944 792 996 haec
829 959 876 993 te
901 965 1035 1011 pr1us
1053 960 1180 993 inter
1200 963 1250 992 se
1273 957 1465 1009 oportet
1494 951 1614 994 con·

226 1014 399 1062 tende1
404 1030 446 1074 e,
482 1032 629 1079 quam
665 1013 772 1062 de
759 1015 815 1062 1is
836 1015 1142 1079 pronuncies
1214 1013 1395 1063 Confer
1430 1019 1612 1080 quaeso
1706 1040 1708 1044 π

225 1083 325 1143 IX,
363 1087 428 1137 27
467 1101 580 1129 cum
613 1083 662 1143 I,
708 1089 802 1144 24,
840 1089 872 1134 7
920 1098 967 1132 et
1001 1083 1062 1131 ad
1096 1081 1415 1150 posteriorem
1446 1079 1638 1130 locum*

225 1151 463 1204 adnotata.
535 1151 594 1198 In
630 1151 826 1202 diversis
859 1170 1024 1203 rerum
1059 1152 1410 1200 narrationibus
1453 1150 1613 1217 sequi-

226 1235 305 1269 tur
346 1238 424 1281 ea,
461 1221 511 1268 in
546 1238 669 1285 quae
706 1222 905 1270 maxime
941 1240 1230 1271 consensum
1265 1221 1612 1288 estIl,12'‚³3t

225 1303 470 1356 comparat
503 1290 627 1337 inter
667 1309 716 1338 se
754 1291 949 1340 diversis
985 1290 1142 1340 modis
1176 1304 1387 1351 narrata,
1436 1302 1484 1338 et
1529 1287 1615 1337 ad-

225 1358 321 1421 dit,
358 1376 445 1405 cur
482 1357 579 1408 hoc
614 1359 686 1407 illi
721 1362 959 1425 praeferat
992 1361 1065 1421 X,
1103 1365 1184 1420 38,
1221 1363 1265 1411 6
1346 1357 1460 1422 Quo
1495 1357 1611 1417 loco

223 1446 329 1482 non
364 1444 560 1492 possum
605 1427 711 1476 illas
755 1428 1105 1477 admonitiones
1148 1427 1404 1478 Pausaniae
1429 1431 1622 1488 ’11011116ιν

224 1497 414 1565 dignas:
453 1500 611 1550 omnis·
629 1501 800 1559 ferme
835 1509 908 1546 est
942 1502 1004 1546 de
1039 1501 1286 1547 Graeciae
1318 1497 1463 1544 rebus·
1497 1514 1612 1546 con·

221 1578 449 1616 troo-ersa
495 1570 722 1616 historia.
763 1598 820 1603 —
896 1569 1021 1616 Sunt
1067 1571 1375 1615 Graecorum
1417 1568 1611 1631 scripta

221 1654 374 1702 quum
409 1639 462 1683 in
492 1638 744 1700 plerisque
788 1648 891 1685 tum
926 1639 978 1683 in
1014 1638 1077 1683 iis
1111 1638 1338 1696 maxime,
1373 1648 1503 1699 quae
1540 1640 1615 1691 ad

219 1708 525 1771 gentilitates
575 1710 849 1768 pertinent,
894 1708 1024 1753 inter
1068 1723 1122 1753 se
1175 1707 1468 1753 dissidentia
1519 1703 1610 1766 IV,

219 1782 270 1852 2,
316 1780 362 1825 2.
400 1773 550 1836 VIII,
598 1777 691 1836 53,
739 1781 772 1825 2
807 1773 997 1822 silentio
1044 1773 1438 1840 praetermittere,
1475 1780 1609 1838 quov-

221 1844 350 1891 niam
387 1843 472 1909 qui
507 1860 674 1890 earum
708 1861 809 1891 non
846 1858 982 1891 erant
1016 1844 1140 1891 bene
1169 1858 1430 1903 memores,
1467 1848 1608 1912 saepe

221 1912 362 1959 etiam
401 1912 460 1959 de
498 1912 726 1960 Pausania
761 1913 946 1960 sinistre
994 1911 1280 1975 judicarunt
1363 1910 1436 1958 Cf.
1471 1901 1533 1960 311
1559 1910 1608 1975 I,

219 1987 315 2042 38,
352 1986 397 2031 7.
434 1981 531 2040 III,
569 1987 626 2042 2,
666 1987 708 2032 1
789 1980 986 2050 Accidit
1034 1981 1196 2042 etiam,
1253 1993 1308 2029 ut
1352 1979 1504 2032 libros
1547 1978 1610 2034 ad

219 2050 550 2102 testimonium
603 2064 797 2099 vocaret
853 2070 879 2099 3
923 2046 972 2097 se
1017 2068 1118 2098 non
1152 2050 1327 2111 lectos3
1380 2048 1466 2100 sed
1509 2048 1608 2102 hoc

217 2119 323 2196 ipse
359 2117 564 2184 candide
598 2121 843 2187 professus
879 2133 1127 2167 auctorem
1167 2119 1378 2185 ingenue
1423 2117 1635 2167 indica..
1703 2117 1708 2127 ⁸

218 2188 310 2249 vit,
348 2207 405 2238 ex
441 2191 578 2250 cujus
615 2207 763 2253 ope1e
793 2189 994 2241 illorum
1028 2173 1267 2241 librorum
1299 2187 1434 2240 locos
1469 2185 1615 2238 adhi-

216 2255 391 2306 buerit.
427 2255 538 2306 vide
574 2257 664 2318 IX,
701 2264 784 2318 29,
824 2262 866 2307 1
903 2264 985 2319 38,
1024 2262 1069 2308 6.,

358 2326 488 2374 Tum
522 2327 673 2374 multa
708 2344 893 2386 eorum,
929 2345 1053 2391 quae
1081 2325 1338 2374 memoriae
1371 2321 1604 2388 pandidit,

219 2392 296 2439 vel
333 2385 657 2456 sacerdotum,
707 2395 788 2444 vel
823 2410 1152 2460 exegetarum,
1198 2394 1276 2443 vel
1322 2390 1453 2457 vulgi
1493 2409 1605 2439 nar-

220 2461 484 2538 nationibus
529 2478 723 2529 accepta
762 2464 950 2520 retulit,
996 2480 1081 2516 ore
1124 2459 1417 2528 propagatis:
1479 2475 1602 2525 quae

220 2543 276 2577 ut·
318 2530 456 2582 variis
500 2531 687 2594 modis,
735 2532 885 2582 veluti
921 2534 1071 2598 φασί,
1127 2535 1346 2594 λέγουσι,
1381 2530 1601 2591 καλοῦσι,

223 2596 358 2666 φήμη
394 2601 521 2660 ἔχει,
566 2599 704 2663 λόγος
750 2603 906 2661 ἐστιν,
943 2603 1130 2666 ᾄδεται,
1171 2597 1513 2667 distinguere,
1536 2597 1602 2646 ita

222 2685 325 2714 non
383 2680 563 2714 temere
615 2669 753 2734 sequi
797 2669 930 2720 solet
989 2669 1064 2718 Cf
1096 2668 1171 2728 X,
1218 2671 1305 2729 17,
1350 2673 1396 2720 3·
1433 2672 1537 2728 38,
1552 2673 1599 2725 3,-

222 2734 358 2796 VIII,
398 2739 477 2797 10,
513 2740 559 2789 4.
602 2739 681 2794 15,
718 2744 763 2788 3.
799 2737 838 2797 Ι,
874 2744 930 2798 3,
966 2743 1011 2788 2.
1047 2735 1153 2801 (qui
1184 2736 1324 2788 locus
1367 2752 1601 2785 memora·

220 2803 329 2852 bilis
366 2817 435 2852 est
469 2807 535 2853 de
551 2805 553 2808 ⁴
562 2806 676 2866 fide
715 2807 852 2871 vulgi
898 2806 1272 2855 narrationibus
1313 2816 1600 2855 cunctanter
