1708 3086
180 272 236 316 16
507 270 1221 318 ADNOTAT'IONES

176 384 366 427 rathom'a
396 386 599 436 xs10,1
628 386 749 441 (quae
777 402 827 432 an
861 391 950 432 κατ’
982 386 1121 443 ἐξοχὴν
1144 389 1263 443 ἔργον
1295 390 1404 430 dicta
1423 390 1486 456 sit,
1515 395 1566 438 ut

174 444 219 485 in
241 442 563 496 Vigerolegimus
579 458 618 497 p.
632 449 700 494 90,
727 446 912 497 equidem
932 445 1090 500 dubito)
1112 448 1184 486 scd
1206 446 1323 487 etiam
1346 448 1396 488 de
1416 450 1564 501 singu—-
1612 478 1617 482 .

169 500 269 551 lari,
295 509 341 541 ut
367 502 415 551 V,
440 505 488 551 4
523 506 557 545 1
580 502 685 541 Hinc
706 503 881 542 formula
910 501 957 546 τὸ
983 505 1103 558 ἔργον
1132 508 1291 556 κρατεῖν
1316 505 1349 556 1,
1389 508 1458 557 29,
1493 507 1560 548 14.

171 560 299 608 Quod
316 559 386 600 hic
406 556 450 601 16
473 563 649 613 πταῖσμα
669 562 1010 612 Λακεδαιμονίων
1029 563 1073 603 ἐν
1097 560 1332 616 Λεύκτροις,
1362 562 1419 601 id
1428 559 1473 604 τὸ
1495 562 1561 616 ἕρ-

172 633 250 672 γον
268 614 313 659 τὸ
331 617 373 658 ἐν
400 614 622 669 Λεύκτροις
641 617 790 655 (licitur
812 618 884 666 IX,
907 622 946 667 6,
971 622 1010 661 2.
1033 619 1084 657 cs.
1120 619 1171 657 ad
1202 619 1232 668 Ι,
1266 623 1336 670 21,
1368 624 1410 664 3.
1438 619 1563 675 ἔργον

170 674 224 713 de
242 689 380 729 pugna
403 673 578 712 Homero
602 674 696 723 dici,
718 676 799 726 jam
811 676 884 727 Et)
890 676 982 714 mol
992 677 1045 714 M.
1065 683 1207 715 auctor
1229 676 1437 716 adnotaxit
1457 678 1558 729 319,

167 732 250 776 63.
295 732 415 771 Hunc
433 729 669 784 Apollinem
687 730 788 770 Patr
769 747 836 770 ιιι-ο
826 749 880 770 em
905 733 1062 771 Clavier
1083 740 1124 772 et
1154 733 1290 790 Nibby
1311 735 1464 787 pictum
1491 730 1558 772 in-
1593 770 1607 785 ,

166 789 340 833 tellexer
340 795 435 838 unt3
466 788 537 827 sed
555 787 694 840 Euplu
695 802 794 826 anor
809 790 939 828 Plinio
970 805 1050 828 non
1079 797 1234 829 tantum
1254 790 1359 830 inter
1377 787 1564 844 pictore&

165 846 243 887 sed
264 847 381 885 etiam
395 846 500 885 inter
518 845 680 886 fictores
705 846 836 884 dictus
863 854 943 895 est,
975 848 1143 898 XXXV,
1167 851 1237 897 40,
1269 850 1345 891 25·
1364 845 1560 897 XXXIV,

164 904 267 944 XIX
291 911 330 942 et
350 902 446 942 ibid.
469 907 545 945 16.
591 904 649 942 De
671 903 751 942 hoc
773 903 971 955 Apollinis
995 905 1231 956 cognomine
1260 904 1355 943 satis
1377 910 1438 945 est
1462 904 1559 947 lau-

162 960 284 1000 dasse
317 957 599 1012 Spanhemium
631 960 683 999 ad
716 960 867 999 Gallim.
901 961 940 1000 h.
974 962 1017 1000 111
1047 962 1123 1014 Ap.
1154 964 1222 1006 57.
1247 962 1481 1014 Berglerum
1501 959 1555 1009 ad

162 1016 347 1071 Alciphr.
370 1023 409 1066 2,
432 1020 474 1059 4
481 1031 520 1069 p
541 1019 626 1061 357
645 1018 783 1068 Wagn.
817 1025 855 1057 et
877 1018 1058 1083 inprimis
1086 1019 1353 1069 Lobeckium,
1373 1017 1469 1072 qui
1499 1017 1552 1059 de

161 1071 464 1128 Tritopatribus
490 1075 520 1112 Ι.
543 1088 583 1126 p.
606 1078 632 1118 3
653 1088 740 1127 sqq.
767 1074 829 1114 de
852 1076 1015 1115 notione
1046 1080 1159 1119 θεων
1191 1072 1394 1131 πατρῴων
1430 1082 1471 1115 et
1498 1075 1551 1122 de

162 1134 278 1173 cultu
309 1132 585 1184 classibusque
605 1144 746 1170 eorum
770 1132 1071 1183 diligentissime
1106 1133 1304 1186 exposuit.
1336 1132 1395 1172 De
1431 1131 1550 1173 Leo-

159 1189 288 1230 chare
304 1189 623 1228 Winckelmanni
644 1189 747 1240 Opp.
770 1190 814 1228 T.
837 1189 942 1228 VIII.
963 1205 1002 1242 p.
1026 1192 1122 1234 315.
1163 1186 1385 1230 Calamidis
1409 1187 1550 1243 Apol-

157 1245 281 1287 linem
299 1247 452 1286 Plinius
473 1246 625 1298 reperit
643 1246 686 1284 in
701 1244 832 1284 horu's
862 1247 1096 1286 Servili-'nus
1126 1248 1315 1298 XXXVI,
1342 1249 1385 1296 4,
1419 1250 1472 1290 10
1503 1261 1554 1300 p.¹

156 1308 244 1348 343
289 1304 377 1355 Bip.
411 1301 472 1345 ὅτι
495 1301 620 1355 τῆνκ
645 1305 680 1342 λ.
718 1303 767 1341 cf.
802 1303 853 1341 acl
888 1303 938 1352 II,
980 1308 1048 1352 32,
1084 1308 1124 1352 5,
1159 1304 1230 1343 ubi
1255 1310 1296 1343 et
1321 1303 1387 1352 VI,
1408 1305 1478 1353 24,
1505 1305 1547 1356 5.

157 1360 263 1411 VIII,
288 1365 356 1411 41,
386 1363 414 1405 5
437 1367 556 1412 atque
586 1359 697 1411 apud
718 1358 965 1412 Hesychium
988 1367 1049 1400 est
1071 1361 1122 1400 de
1197 1360 1396 1400 lexicaco.
1426 1359 1547 1414 λιμώ-

153 1419 210 1471 δη
232 1392 400 1475 Ᾰ1ἀ.τῷ
434 1417 782 1469 Πελοποννησίων
799 1417 1015 1457 Victorius.
1039 1419 1111 1458 sed
1132 1433 1182 1458 c.
1206 1418 1273 1467 IV,
1306 1422 1345 1466 6,
1367 1421 1403 1460 1.
1440 1415 1547 1478 κατὰ

153 1473 367 1529 μάντευμα
400 1476 571 1517 ἔπαυσεν
603 1474 649 1516 ἐκ
673 1477 846 1526 Δελφῶν
883 1488 961 1526 pro
993 1476 1158 1528 vulgato
1194 1492 1295 1518 κατα
1334 1464 1567 1528 μάντευμα.

150 1533 305 1576 ἔπαυσε
323 1536 502 1584 Δελφῶν
524 1531 708 1571 dedimus
737 1545 789 1570 ex
812 1531 917 1582 VIII,
949 1537 1018 1583 23,
1057 1539 1078 1577 1
1119 1529 1222 1575 κατὰ
1257 1529 1469 1587 μάντευμα
1495 1531 1540 1574 ἐκ

153 1594 342 1642 Δελφων.
371 1591 424 1640 Χ,
454 1594 564 1638 10,1
589 1585 691 1630 κατὰ
713 1585 1042 1641 μάντευμα-τὸ
1066 1591 1113 1661 {n
1138 1594 1323 1642 Δελφων.
1347 1589 1415 1639 ΠΙ,
1445 1593 1486 1639 8,
1509 1588 1541 1634 5
1697 1623 1708 1654 3

150 1644 199 1689 τὰ
223 1644 554 1702 μάντευμα-τὸ
577 1646 621 1687 ἐκ
642 1649 830 1697 Δελφῶν.
851 1645 906 1684 ib
926 1651 966 1696 3,
985 1651 1013 1691 6
1046 1645 1091 1688 τὸ
1111 1648 1156 1689 ἐκ
1175 1649 1350 1719 Δελφ,ων
1369 1642 1538 1698 μάντευ-

148 1720 222 1758 μοι
280 1705 388 1743 Bene
419 1710 552 1742 autem
572 1702 781 1741 Diodorus
809 1703 887 1741 Sic.
909 1703 1003 1751 XII
1022 1705 1097 1747 58:
1156 1706 1199 1745 οἱ
1222 1705 1258 1746 δ’
1283 1698 1539 1757 Ἀθηναῖοι,

149 1759 220 1803 δια
239 1757 315 1813 τὴν
333 1756 565 1830 υπερβολὴν
588 1763 661 1812 τῆς
679 1754 832 1810 νόσον,
862 1756 935 1808 τὰς
967 1761 1097 1810 αἰτίας
1125 1764 1200 1814 τῆς
1225 1763 1442 1815 συμφορᾶς
1468 1759 1540 1835 ἐπὶ.

146 1814 195 1860 τὸ
213 1822 333 1860 θεῖον
354 1814 599 1869 ἀνέπεμπον.

262 1873 304 1927 §2
335 1878 374 1917 4
433 1874 543 1913 Haec
563 1886 693 1943 usque
713 1873 766 1912 ad
806 1880 929 1925 caput
961 1876 990 1917 4
1021 1881 1122 1914 extr.
1154 1873 1409 1913 Pausaniae·
1394 1874 1475 1926 ipsi
1503 1869 1537 1930 ἦ

145 1930 189 1981 ἔς
208 1928 254 1974 τό
275 1927 567 1985 βουλευπηριρν
597 1928 643 1972 τὸ
658 1925 853 1973 Ἀττικὸν
877 1929 1092 1986 συγγραφὴ
1116 1930 1305 1970 dicuntm
1323 1932 1375 1980 X,
1406 1934 1472 1980 19,
1489 1934 1530 1975 4.

142 1988 226 2031 Hic
250 1990 421 2037 Πεισίας
439 1988 515 2027 soli
534 1989 752 2027 Pausaniae
775 1988 920 2027 dictus·
950 1987 1151 2042 Lysonem
1168 1988 1320 2026 Plinius
1341 1961 1531 2040 XXXIV,

144 2050 215 2096 19,
236 2049 293 2091 34
314 2060 350 2098 p.
374 2047 457 2089 246
481 2046 568 2096 Bip.
599 2045 649 2083 iis
675 2052 878 2094 accenset,
913 2046 982 2097 qui
1004 2045 1195 2094 athletas,
1231 2052 1425 2095 armatos,
1455 2040 1538 2086 vest
1582 2080 1586 2098 :

141 2111 306 2144 natores
337 2102 688 2154 sacrificantesque
717 2103 912 2150 feceiunt.
939 2098 1186 2156 Ὀλβιάδης
1192 2101 1236 2143 δὲ
1263 2096 1529 2155 Καλλιππον,

142 2158 193 2210 ὃς
223 2161 282 2200 ita
314 2174 424 2199 nunc
457 2160 605 2211 legitur
632 2159 675 2197 In
706 2159 880 2198 editione
916 2159 1125 2208 Clavierii,
1154 2165 1202 2197 ut
1222 2158 1329 2198 idem
1349 2165 1465 2199 antea
1483 2160 1529 2203 in

139 2215 283 2259 ,ἵκανε
309 2217 335 2256 ἆ
362 2216 416 2257 D.
450 2214 581 2271 Goray
615 2222 868 2264 correxerat,
907 2231 950 2254 se
987 2216 1147 2255 codices
1171 2228 1286 2266 suos,
1315 2215 1360 2256 in
1379 2216 1528 2269 quibus

137 2275 194 2314 ait
214 2279 499 2324 Καλιππονος,
530 2279 745 2325 sequutum
769 2273 917 2311 dicens
946 2270 1166 2342 Ὀλβιάδου
1192 2272 1235 2314 δὲ
1263 2269 1498 2326 Κᾶλιποςη
1483 2266 1528 2316 ’ν
1535 2269 1537 2275 ’

137 2331 504 2379 Vind.1{0'1m.moae;
545 2330 673 2382 Mosq.
720 2331 959 2372 Καλλίππου
985 2323 1039 2381 ἦν
1077 2330 1259 2381 Vulgata.
1333 2327 1527 2370 Οἷόἰαᾶεο

139 2386 368 2442 Callipinus
403 2387 687 2427 atheniensium
723 2397 964 2439 apparatum
995 2388 1038 2425 in
1078 2383 1340 2439 thermopylas
1403 2386 1520 2426 Dom.

134 2444 636 2485 calderhms..clavie1ii
665 2444 903 2495 scripturam
934 2443 1070 2496 Nibby
1098 2400 1287 2482 reddidit.
1330 2439 1523 2483 Olbiades

132 2502 269 2554 pictor
297 2503 414 2542 nobis
447 2516 530 2541 non
555 2501 755 2550 innotuit,
800 2500 871 2538 sed
915 2498 1024 2539 Galla
1008 2515 1123 2553 cppus
1153 2498 1372 2538 Moeroelei
1389 2498 1521 2549 filius,

131 2557 438 2599 Atheniensium
461 2559 653 2599 adversus
680 2558 816 2610 Gallos
840 2563 900 2596 est
922 2557 952 2607 I,
974 2561 1014 2606 4,
1039 2561 1078 2600 2.
1103 2557 1156 2608 X,
1177 2560 1247 2607 20,
1268 2562 1309 2601 3.
1328 2559 1520 2600 Γαλατῶν
1595 2582 1603 2585 ··
1677 2520 1683 2541 11

130 2614 246 2655 abest
266 2630 290 2654 a
310 2617 441 2669 Mosq.

241 2672 283 2724 ς.
316 2676 356 2716 5.
413 2675 574 2712 Paitem
588 2670 710 2724 hujus
730 2671 815 2710 loci
836 2670 889 2710 ad
908 2669 1045 2709 Gallos
1067 2658 1313 2722 spectaritem
1340 2670 1518 2723 scriptor

112 2730 357 2769 *accuratius
378 2732 565 2781 exposuit
590 2730 643 2779 X,
665 2732 729 2776 19,
751 2732 778 2771 4
801 2742 887 2780 sqq.
927 2728 985 2766 De
1014 2727 1175 2766 sedibus
1210 2724 1413 2766 Celtasum
1443 2740 1515 2767 seu

127 2787 359 2827 Galatarum
382 2787 427 2827 111
443 2788 609 2839 Europa
631 2786 775 2827 similia
796 2784 918 2825 habet
934 2783 1164 2826 Herodotus
1188 2783 1236 2833 ΙΙ,
1262 2789 1328 2828 33.
1352 2784 1419 2834 IV,
1435 2784 1511 2828 49.
1552 2805 1555 2807 ·
