1708 3086
430 257 530 297 An
589 259 640 297 L.
699 235 739 299 1.
801 261 892 302 cA
922 265 975 304 P.
1037 269 1280 312 xxviii.
1464 279 1545 325 105

145 367 277 425 (553).
308 369 396 411 Alia
419 373 469 412 de
483 372 565 413 hoc
581 376 744 417 nomine
761 379 954 431 leguntur
970 381 1215 426 inCreuzeri
1226 390 1362 442 Symb.
1383 393 1432 443 11,
1445 398 1542 438 690.

142 427 210 477 IV,
225 432 319 472 272.
343 430 422 469 Pro
457 425 621 481 οὐδένες
651 435 812 476 Clavier
841 438 975 479 voluit
1005 435 1144 493 οὐδέν,
1170 442 1282 486 haud
1310 449 1431 490 dubie
1459 466 1544 492 non

140 498 297 525 memor
311 516 321 535 ,
350 487 550 540 pluralem
569 491 665 531 alibi
687 507 850 547 quoque
865 496 1061 551 reperiri,
1091 499 1221 540 veluti
1233 503 1342 557 I,31,
1356 513 1394 552 2.
1425 509 1542 551 Dum.

140 541 378 597 Galderinus
395 545 519 586 habet
535 563 646 590 nemo
657 579 672 599 ,
705 557 745 590 et
764 548 890 594 οὕδεν
911 551 1089 612 ἐσεφότῳ
1109 557 1338 602 Vaticanus.
1373 566 1439 619 ἐφ’
1462 563 1542 624 ’ὅτῳ

138 614 180 640 κ.
205 604 242 642 λ.
273 600 384 641 Haec
402 603 616 645 diversitas
639 608 755 649 etiam
784 610 829 648 in
845 610 1094 654 Phanodemi
1126 629 1174 654 ac
1196 618 1409 662 Clitodemi
1439 625 1541 664 Fra-

138 658 308 708 gmentis
325 674 367 712 p.
389 664 455 704 11.
475 667 531 707 37
549 663 740 716 tangitur.
781 666 995 722 Διομήδην
1010 671 1140 725 Mosq.
1163 675 1335 723 Claw‘er,
1348 679 1540 738 Διομήδη

137 715 274 768 vulgo.
303 718 376 758 sed
402 722 604 774 Διομίδην
625 737 753 775 φασιν
771 726 920 765 omisso
941 723 1017 782 γάρ
1036 728 1269 774 Vaticanus.
1288 732 1416 779 νύκτα
1449 741 1540 782 ἐπέ·

134 787 231 825 χειν,
248 774 303 814 cf,
322 775 428 826 VHI,
444 781 514 828 40,
533 784 572 824 3.
593 778 786 836 Φαληρὸν
806 785 942 836 vulgo.
961 782 1117 840 ἄνδρας
1137 785 1285 834 αὐτῶν.
1317 795 1370 835 ad
1387 796 1455 847 IV,
1468 801 1537 851 24,
1616 838 1631 853 „

134 834 175 873 2.
199 827 257 882 56
289 833 798 893 Παλλάδιον-οἴχεσθαι,
847 842 906 881 De
937 842 1018 882 hoc
1047 845 1229 888 Palladio
1261 851 1312 891 cf.
1354 853 1538 894 Clemens

133 886 251 928 Alex.
272 890 406 931 Protr.
423 907 462 946 p.
480 898 537 939 30
557 895 604 933 Ῐ).
1176 921 1181 930 x

246 945 289 1001 5.
323 952 389 992 10.
419 951 621 994 Iudicium
643 954 708 996 ἐπὶ
732 957 939 1012 Δελφινίῳ
962 959 1033 998 ubi
1053 961 1198 1014 fuerit,
1229 965 1324 1006 vide
1345 968 1396 1007 ad
1416 969 1445 1020 f,
1469 974 1536 1019 19,

132 1005 181 1045 1.·
196 1002 440 1058 Δελφίνιον,
466 1007 578 1065 ἱερὸν
599 1005 866 1063 Ἀπόλλωνος
882 1009 1120 1075 Ἀθήνῃσιν
1139 1017 1248 1063 οὕτω
1269 1024 1535 1078 καλούμενον.

84 1063 117 1082 x
132 1059 239 1102 ἔνθα
256 1053 311 1114 ἦν
327 1061 372 1106 τὸ
393 1065 436 1107 ἕν
467 1064 561 1121 (leg.
591 1066 681 1119 ἐπὶ)
711 1072 918 1125 Δελφινίῳ
941 1074 1217 1131 δικαστήριον.
1263 1081 1533 1126 Phavorinus.

129 1114 384 1174 ἐργάσασθαι
391 1145 450 1154 --
459 1124 675 1178 φαμένοις.
687 1128 936 1170 Confirmant
946 1130 1048 1172 haec
1058 1133 1393 1189 Harpocrationis
1403 1159 1411 1182 :
1427 1137 1535 1187 Ἐπὶ

129 1177 412 1237 Δελφινίῳ-’ὓ
423 1179 719 1234 δικάζονταιηδὲ
736 1186 939 1238 ἐνταῦθα,
973 1191 1016 1231 οἱ
1036 1187 1330 1250 ὁμολογοῦντες
1346 1199 1420 1252 μὲν
1436 1196 1535 1243 ἄπε-

126 1234 341 1287 κτονέναι,
401 1240 571 1290 δικαίως
598 1241 643 1283 δὲ
666 1244 941 1297 πεποιηκέναι
966 1252 1086 1291 τοῦτο
1111 1250 1303 1306 λέγοντες.
1333 1257 1381 1298 In
1402 1257 1530 1299 vatio.

127 1297 190 1328 est
208 1289 328 1349 φόνῳ
346 1309 425 1348 pro
447 1293 598 1349 φόνον,
630 1306 671 1339 et
691 1307 834 1352 postea
851 1301 1041 1347 ἔκτεινεν.
1071 1307 1130 1347 De
1150 1309 1359 1354 locutione
1380 1311 1458 1358 σύν
1474 1320 1534 1373 τῷ

127 1347 273 1406 δικαίῳ
292 1350 343 1390 cf.
366 1353 417 1403 ΙΙ,
439 1359 482 1404 3,
507 1357 547 1399 6.
571 1356 670 1411 πρὶν
688 1358 801 1398 abest
815 1373 839 1398 a
857 1359 987 1414 Mosq.
1015 1363 1087 1403 sed
1106 1367 1156 1405 cf.
1177 1367 1208 1418 1,
1231 1374 1268 1420 1,
1293 1375 1332 1414 2.

240 1406 284 1462 §.
319 1413 385 1453 11.
417 1410 463 1454 ἐν
485 1415 727 1473 Πρυτανείῳ
743 1426 752 1436 ·
781 1417 920 1458 forsan
939 1420 1154 1472 legendum
1179 1425 1247 1468 ἐπὶ
1270 1430 1529 1490 Πρυτανείῳ.

125 1462 195 1502 Sic
211 1466 320 1518 apud
342 1467 584 1521 Harpocrat.
605 1472 782 1513 Phavor.
804 1482 843 1514 et
869 1476 912 1514 in
944 1477 1076 1531 Etym.
1107 1481 1163 1521 Μ.
1193 1483 1369 1536 Πολύως
1399 1490 1529 1535 vatic.

123 1517 232 1564 καὶὸ
257 1522 597 1582 μὶν-κρίνεται.
621 1530 680 1569 Cf.
704 1533 867 1571 omnino
885 1534 915 1581 I,
939 1539 1008 1585 24,
1028 1541 1067 1580 4.
1089 1538 1291 1582 Creuzero
1319 1545 1365 1584 V.
1405 1549 1446 1586 C.
1484 1549 1530 1589 in

124 1578 279 1619 Comm.
299 1581 452 1623 Herod.
467 1585 488 1623 Ι
502 1600 542 1637 p.
562 1588 618 1631 35
636 1586 740 1628 haec
768 1590 824 1628 ita
848 1591 1137 1646 interpretato:
1176 1599 1328 1640 »Attici
1362 1603 1528 1660 bupho-

121 1636 286 1677 nicrum
308 1640 411 1680 festo
447 1643 646 1695 cultrum,
675 1652 870 1698 tanquam
895 1651 1024 1690 omnis
1055 1653 1199 1705 flagitii
1226 1666 1433 1702 auctorem
1450 1693 1460 1712 ‚
1483 1664 1529 1703 in

121 1707 270 1746 aquam
285 1698 588 1751 projiciebant«
617 1705 801 1743 assentiri
825 1720 908 1744 non
938 1721 1166 1761 possumus.
1205 1709 1364 1772 ἀφείθη
1403 1720 1527 1760 Ama·-

120 1765 238 1792 saeus
256 1767 349 1794 cum
366 1756 629 1811 Goldhageno
655 1767 695 1801 et
719 1762 920 1802 Clavierio
939 1763 1272 1812 recte‘reddidit.
1308 1775 1526 1818 Pausanias

121 1810 302 1850 scribens
334 1812 454 1869 ἔργον
479 1815 524 1858 δὲ
547 1838 607 1846 -—-
622 1812 823 1872 ἀκινάκης
847 1823 1075 1875 respexisse
1107 1827 1374 1874 Valckenario
1410 1831 1536 1877 visus'

121 1872 184 1906 est
198 1867 352 1910 Herod.
372 1871 442 1921 111,
462 1876 532 1922 64,
555 1874 627 1914 ubi
646 1875 755 1916 idem
764 1877 1001 1920 Amasaeum
1014 1886 1184 1925 notavit.

234 1924 278 1980 ς.
311 1931 378 1971 12.
415 1927 632 1985 Φρεαττύς.
653 1933 704 1972 cf.
729 1934 780 1974 ad
799 1940 922 1985 31,2.
939 1939 1211 1997 πεφεύγοντες
1241 1945 1371 1988 Vatic.
1404 1945 1524 1994 ἆπελ·

118 1979 314 2034 «podiatae
334 1985 454 2026 idem.
485 1990 664 2043 stfixpov
681 2007 718 2033 κ.
730 1995 763 2032 λ.
788 1992 951 2034 Telamo
968 1997 1057 2050 ipse
1073 2000 1194 2041 simili
1213 2007 1335 2044 modo
1361 2021 1525 2050 causam

116 2040 293 2081 dixerat.
313 2043 365 2094 Π,
388 2047 458 2094 29,
477 2048 517 2088 7.
540 2047 609 2088 καὶ
637 2055 730 2088 ante
765 2048 948 2106 Τεῦκρον
980 2055 1163 2111 Corayus
1191 2063 1282 2102 vult
1306 2065 1442 2105 inseri.
1470 2068 1522 2108 cf.

120 2097 174 2136 ad
195 2097 247 2149 H,
274 2101 331 2145 25
365 2108 468 2142 extr.
499 2099 716 2158 εἰργάσθαι
744 2107 917 2160 Clavier,
942 2118 990 2151 ut
1009 2114 1251 2170 Sylburgius
1273 2132 1521 2165 correxerat.

118 2155 173 2194 cf·
198 2159 266 2206 17,
282 2161 323 2202 6.
351 2157 622 2214 εἰργάσασθαι
643 2164 827 2216 Vngata.
849 2171 1004 2221 γνῶναι
1031 2168 1189 2227 ὁπόσης
1215 2177 1370 2228 μέτεστι
1395 2194 1525 2224 σπον-

115 2214 195 2265 δῆς
218 2214 276 2262 εἰς
290 2211 343 2256 τὰ
368 2215 610 2272 δικαστήρια
623 2220 806 2273 Vulgata.
835 2225 1089 2270 Camerarius
1124 2239 1165 2271 et
1192 2234 1381 2277 Kuhnius
1407 2246 1521 2280 recte

119 2279 390 2314 correxerunt
409 2271 596 2325 ὁπόσοις.
627 2284 669 2317 et
688 2280 882 2322 miramur
917 2285 1189 2339 Sylhnrgium,
1209 2293 1278 2343 qui·
1308 2294 1522 2347 vulgatam

117 2328 287 2368 retineri
318 2344 440 2383 posse
463 2334 704 2386 crediderit,
734 2339 951 2380 subaudito
983 2345 1129 2384 nativo
1158 2352 1242 2397 τοῖς
1258 2346 1519 2405 Ἀθηναίοις.

113 2385 201 2424 :Nos
217 2387 450 2440 scripsimus
467 2386 651 2442 ὁπόσοις,
681 2408 806 2447 quum
828 2399 1011 2440 nondum
1030 2403 1282 2458 vidissemus,
1313 2408 1393 2449 hoc
1412 2411 1521 2452 idem

116 2442 267 2483 ,offerre
287 2445 540 2486 Vaticanum.
561 2450 777 2494 Praeterea
795 2456 984 2496 Kuhnius
1019 2461 1249 2504 emendavit
1261 2462 1311 2509 τὰ
1329 2468 1388 2518 εἰς
1409 2471 1520 2513 δικα-

117 2497 285 2554 ὶῖτήρια·
315 2516 392 2543 nos
415 2505 599 2547 dedimus
620 2505 670 2550 τὰ
699 2511 756 2560 εἰς
773 2509 823 2554 τὰ
850 2513 1102 2573 δικαστήρια.
