1708 3086
169 235 256 279 294
635 227 1096 275 ΚΟΡΙΝΘΙΛΚΑ

182 345 428 405 Τριτωνίδα
464 342 732 396 οἰκούντων,
770 343 847 388 καὶ
879 342 951 388 ἐπὶ
987 341 1136 400 θήραν
1162 356 1208 387 τε
1238 341 1396 396 ἐξιέναι
1431 346 1508 392 καὶ
1532 345 1588 402 ἐς

180 414 259 466 τὰς
285 413 426 472 μάχας
454 411 662 469 ἡγεῖσθαι
682 415 774 463 τοῖς
793 412 970 468 Λίβυσι,
1000 412 1076 456 καὶ
1107 410 1162 468 δὴ
1193 411 1269 460 καὶ
1283 411 1385 458 τόδε
1403 413 1576 466 άντικα·

183 482 382 541 θημένην
417 483 590 538 στρατῷ
620 478 734 535 πρὸς
764 479 844 537 τὴν
882 479 1090 538 Περσέως
1126 479 1316 538 δύναμιν
1364 481 1580 537 (ἔπεσθαι

185 551 275 610 γὰρ
300 552 375 597 καὶ
402 554 464 609 τῷ
495 552 660 605 Περσεῖ
687 547 880 604 λογάδας
906 548 953 593 ἐκ
986 549 1361 607 Πελοποννήσου)
1391 553 1582 611 δολοφο-

186 623 378 677 νηθῆναι
401 616 593 672 νύκτωρ,
622 615 697 660 καὶ
727 615 808 661 τὸν
838 617 1011 673 Περσέα
1042 615 1093 661 τὸ
1126 616 1286 670 κάλλος
1319 618 1381 663 ἔτι
1406 621 1482 665 καὶ
1511 622 1584 671 ἐπὶ

189 691 334 745 νεκρῷ
352 683 654 743 θαυμάζοντα,
681 683 799 730 οὕτω
819 684 901 741 τὴν
919 684 1118 742 κεφαλὴν
1138 683 1414 743 ἀποτεμόντα
1434 687 1584 747 αὐτῆς,

193 756 316 814 ἄγειν
347 759 442 806 τοῖς
475 753 686 810 ’Ἕλλησιν
727 753 770 805 ές
813 753 1029 807 ἐπίδειξιν.
1107 753 1167 809 (7)
1207 755 1498 815 Καρχηδονίῳ
1536 757 1586 811 δὲ

192 824 326 880 ἀνδρὶ
350 827 547 880 Προκλεῖ
566 825 627 880 τῷ
658 820 922 877 Εὐκράτους
948 822 1094 878 ἕτερος
1123 819 1255 878 λόγος
1287 822 1361 869 ὅδε
1379 823 1584 882 ἐφαίνετο

194 891 309 938 εἶναι
329 895 412 937 τοῦ
441 890 666 948 προτέρου
697 891 1015 949 πιθανώτερος.
1073 889 1245 948 Λιβύης
1270 889 1298 948 ἡ
1329 890 1491 950 ἔρημος
1510 894 1587 939 καὶ

196 960 311 1006 ἄλλα
337 959 570 1017 παρέχεται
600 960 738 1016 θηρία
771 958 1019 1006 ἀκούσασιν
1056 957 1111 1003 ού
1141 958 1296 1011 πιστοὶ,
1325 961 1402 1006 καὶ
1430 959 1588 1019 ἄνδρες

196 1029 392 1074 ἐνταῦθα
424 1028 585 1085 ἄγριοι,
615 1029 687 1072 καὶ
709 1027 858 1087 ἄγριαι
887 1030 1113 1085 γίγνονται
1129 1032 1352 1083 γυναῖκες·
1412 1029 1528 1086 ἔλεγέ
1544 1047 1590 1075 τε

199 1097 224 1143 ὁ
242 1100 448 1155 Προκλῆς
470 1095 548 1141 ἀπ’
581 1095 731 1141 αὐτῶν
754 1096 898 1152 ἄνδρα
916 1098 1027 1140 ἰδεῖν
1044 1093 1315 1150 κομισθέντα
1336 1095 1379 1148 ἐς
1403 1095 1586 1156 Ῥώμην.

198 1169 366 1221 εἴκαζεν
396 1161 497 1219 οὖν,
526 1170 828 1223 πλανηθεῖσαν
854 1168 1044 1221 γυναῖκα
1074 1162 1122 1208 ἐκ
1150 1162 1322 1208 τούτων
1341 1164 1418 1216 καὶ
1435 1162 1592 1223 ἀφικο-

200 1234 338 1292 μένην
369 1234 440 1280 ἑπὶ
465 1233 548 1292 τὴν
580 1236 740 1292 λίμνην
769 1232 862 1290 τὴν,
886 1231 1131 1290 Τριτωνίδα
1163 1232 1459 1288 λυμαίνεσθαι
1485 1233 1594 1288 τούς

201 1305 497 1360 προσοίκους,
536 1303 578 1355 ἐς
614 1302 640 1347 ὃ
682 1301 879 1359 Περσεὺς
915 1299 1164 1346 ἀπέκτεινεν
1199 1297 1349 1358 αὐτήν.
1405 1301 1594 1361 Ἀθηνᾶν

204 1371 253 1417 δέ
279 1374 324 1422 οἱ
351 1371 718 1429 συνεπιλαβέσθαι
749 1373 899 1416 δοκεῖν
923 1372 1006 1415 τοῦ
1032 1368 1180 1427 ἔργου,
1211 1367 1278 1414 ὅτι
1308 1370 1354 1413 οἱ
1383 1369 1484 1427 περὶ
1509 1369 1591 1430 τήν

203 1443 364 1498 λίμνην
410 1441 491 1498 τὴν
543 1442 790 1496 Τριτωνίδα
834 1439 1070 1497 ἄνθρωποι
1113 1437 1274 1495 ταύτης
1317 1437 1426 1483 εἰσὶν
1467 1441 1592 1497 ἱεροί.

206 1511 269 1566 (8)
294 1508 369 1554 Ἐν
395 1510 443 1554 δὲ
459 1509 612 1567 ’Ἀργει
642 1509 763 1565 παρὰ
792 1511 925 1552 τοῦτο
957 1505 1084 1563 δὴἐτό
1105 1510 1256 1564 μνῆμα
1273 1509 1350 1563 τῆς
1368 1506 1596 1565 Γοργόνος

207 1577 503 1635 Γοργοφόνης
533 1577 676 1635 τάφος
699 1577 815 1623 ἐστὶν
832 1579 907 1633 τῆς
927 1574 1152 1630 Περσέως·
1211 1575 1286 1620 καὶ
1307 1574 1383 1632 ἐφ’
1412 1569 1498 1632 ὅτῳ
1521 1577 1602 1634 μὲν

206 1695 279 1748 qui
296 1694 548 1735 'tritonidem
569 1695 758 1748 paludem
773 1694 974 1742 accolunt,
1003 1691 1193 1732 tenuisse.
1235 1691 1402 1731 Solitum
1416 1693 1458 1732 in
1478 1707 1603 1734 vena-

205 1764 336 1802 tiones
355 1770 396 1803 et
413 1776 570 1817 pugnas
593 1765 702 1803 exire
726 1777 819 1803 cum
839 1762 1043 1811 Afrorum,
1077 1760 1224 1813 quibus
1250 1760 1485 1814 imperabat,
1515 1776 1603 1802 ma-

206 1845 277 1871 nu.
367 1832 503 1880 Quare
538 1845 663 1884 qumn
689 1832 825 1872 Persei
854 1831 1003 1885 copiis,
1064 1842 1162 1882 quas
1189 1829 1258 1867 ille
1286 1829 1520 1871 lectissimas
1549 1847 1602 1874 ex

206 1901 485 1953 Peloponneso
516 1900 761 1951 adduxerat,
792 1901 875 1940 acie
909 1897 1163 1946 occurrisset,
1191 1902 1316 1937 noctu
1337 1912 1412 1951 per
1441 1899 1606 1942 insidias

209 1982 456 2022 oppressam.
529 1969 711 2009 Mol-tuae
760 1968 1107 2023 pulchritudinem
1139 1965 1376 2006 admiratum
1402 1969 1605 2022 Perseum,

207 2039 441 2092 praecisum
459 2044 593 2090 caput,
621 2045 670 2078 ut
686 2037 917 2092 spectaculo
937 2042 1055 2086 esset,
1084 2036 1128 2074 in
1143 2036 1350 2075 Graeciam
1365 2044 1606 2090 reportasse.

209 2103 273 2160 (7)
303 2106 360 2145 At
382 2106 550 2145 Proclus
579 2106 912 2158 Carthaginiensis
935 2105 1121 2145 Eum-atis
1138 2104 1246 2143 filius
1265 2104 1355 2143 veri
1381 2104 1465 2144 fere
1495 2106 1607 2146 simi-

209 2174 354 2214 liorem
368 2173 580 2214 historiam
598 2174 724 2213 literis
748 2173 965 2213 mandavit.
1025 2173 1072 2213 In
1090 2173 1249 2212 Africae
1268 2173 1436 2212 desertis
1455 2173 1606 2214 bestias

211 2244 322 2295 gigni
346 2243 494 2283 multas
517 2242 688 2281 mirabili
716 2243 850 2295 specie
881 2249 1004 2294 atque
1029 2242 1240 2290 inusitata,
1270 2241 1381 2281 feros
1411 2241 1515 2282 inter
1539 2256 1606 2283 eas

211 2313 323 2352 viros
357 2319 399 2353 et
435 2310 653 2361 foeminas,
702 2324 750 2350 ac
779 2311 913 2350 vi‘rum
940 2324 984 2349 se
1019 2311 1184 2349 Romam
1206 2309 1318 2348 illinc
1350 2309 1606 2362 deportatum

212 2380 364 2420 vidisse
377 2385 560 2419 testatur.
621 2379 824 2418 Conficere
843 2379 981 2431 itaque
1009 2393 1063 2429 se,
1087 2393 1139 2418 ex
1163 2379 1243 2418 illis
1271 2377 1452 2417 foeminis
1482 2391 1606 2418 unam

213 2448 341 2488 fuisse
353 2448 582 2487 Medusam:
617 2461 717 2500 quae
736 2462 860 2501 quum
879 2462 903 2486 a
921 2446 1004 2486 suis
1021 2448 1205 2499 gregibus
1225 2447 1414 2485 aberrans
1431 2435 1606 2494 venisset

215 2517 269 2556 ad
291 2515 544 2557 Tritonidem
569 2517 768 2570 paludem,
800 2517 884 2555 eius
915 2515 1070 2554 accolas
1098 2515 1200 2554 male
1223 2515 1448 2565 mulctavit,
1477 2526 1607 2567 usque

216 2585 315 2625 dum
334 2600 357 2624 a
375 2586 520 2625 Perseo
548 2592 609 2624 est
628 2585 769 2625 occisa.
829 2584 1080 2624 Adiutricem
1098 2583 1365 2627 veroPerseo
1385 2583 1605 2623 Minervam

217 2653 354 2703 fuisse,
383 2654 540 2693 idcirco
566 2653 788 2708 proditum,
818 2653 943 2706 quod,
975 2651 1044 2703 qui
1073 2658 1258 2702 stagnum
1290 2651 1392 2690 illud
1419 2651 1607 2691 accolunt

216 2721 422 2772 homines,
478 2722 682 2763 Minervae
706 2722 812 2762 sacri
837 2727 943 2761 sunt.
1025 2717 1086 2773 (8)
1136 2719 1255 2758 quta
1290 2719 1370 2758 hoc
1400 2719 1598 2771 Gorgonis

217 2797 520 2832 monumentum
557 2797 616 2831 est
643 2791 759 2844 Argis
789 2787 1078 2843 Gorgophones
1107 2788 1240 2827 Persei
1274 2787 1382 2828 filiae
1410 2787 1607 2828 tumulus:
