1708 3086
485 219 603 262 SEU
630 220 746 264 LIB.
775 222 808 264 Ι.
868 221 997 266 CAPJ.
1026 227 1181 269 XXII.
1478 235 1529 277 91

131 328 184 375 δὲ
204 326 265 378 ,οὗ
289 329 546 390 παρέχεται,
576 336 699 379 πᾶσα
727 333 954 394 ἀπότομος
988 333 1103 385 οὖσα
1125 341 1202 385 καὶ
1217 346 1356 400 τεῖχος
1374 345 1534 402 ἔχουσα

132 396 307 457 ἐχυρόν.
364 401 420 445 τὰ
451 402 498 447 δὲ
521 403 782 460 προπύλαια
800 407 934 450 λίθου
954 410 1118 454 λευκοῦ
1137 409 1218 468 τὴν
1237 411 1415 472 ὀροφὴν
1437 416 1534 473 ἔχει,

130 467 209 511 καὶ
233 465 387 529 κόσμῳ
416 471 492 515 καὶ
517 472 693 529 μεγέθει
722 478 812 519 τῶν
832 477 974 520 λίθων
993 477 1120 535 μέχρι
1137 496 1187 536 γε
1207 482 1283 525 καὶ
1300 483 1411 540 ἐμοῦ
1427 501 1533 543 προ-

133 540 230 598 εῖχε.
288 536 369 590 τὰς
403 539 484 596 μὲν
514 536 600 587 οὖν
628 542 803 596 εἰκόνας
837 549 928 589 τῶν
961 547 1130 592 ἱππέων
1160 547 1246 594 οὐκ
1272 551 1352 608 ἔχω
1380 560 1534 611 σαφῶς

131 605 295 658 εἰπεῖν,
327 608 412 651 ε’ίτε
452 611 498 654 οἱ
526 611 681 665 παῖδές
701 615 826 658 ἐἰσιν
853 616 898 658 οἱ
940 615 1253 673 Ξενοφῶντος,
1283 622 1366 665 εἴτε
1392 620 1535 675 ἄλλως

132 671 178 725 ἐς
198 668 466 732 εὐπρέπειαν
486 681 777 738 πεποιημέναι
789 696 798 707 ·
859 687 949 728 τῶν
972 685 1019 730 δὲ
1040 690 1333 743 προπυλαίων
1349 690 1397 735 ἐν
1416 693 1534 751 δεξιᾷ

115 742 276 799 ’Νίκης
303 742 421 789 ἐστὶν
457 745 653 805 ἅπτέρου
676 750 796 804 ναός.
827 753 888 809 (5)
916 750 1149 799 Ἐντεῦθεν
1167 756 1195 815 ἡ
1210 757 1420 805 θάλασσά
1443 761 1534 807 ἐστι

133 801 377 865 σύνοπτος·
436 817 513 860 καὶ
531 817 669 880 ταύτῃ
693 821 829 878 ῥίψας
844 821 1006 879 Αἰγεὺς
1021 822 1204 879 ἑαυτὸν,
1236 826 1296 880 ὦς
1314 829 1535 886 λέγουσιν,

131 875 421 937 ἐτελεύτησεν.
481 884 666 944 ἀνήγετο
696 889 777 946 μὲν
807 888 893 947 γὰρ
926 890 954 948 ἡ
983 895 1094 944 ναῦς
1122 894 1306 950 μέλασιν
1335 900 1488 952 ἱστίοις
1505 899 1535 958 ἡ

128 943 237 1008 τούς
265 951 428 1003 παῖδας
449 952 654 1010 φέρουσα
681 956 725 1009 ές
746 957 948 1016 Κρήτην·
1013 961 1181 1019 Θησεὺς
1202 963 1265 1018 δ’,
1296 966 1431 1022 (ἔπλει
1447 966 1535 1027 γὰρ

49 1039 55 1042 -
128 1012 294 1075 τόλμης
318 1020 374 1064 τι
415 1019 526 1077 ἔχων
551 1023 595 1076 ἐς
628 1025 709 1070 τὸν
738 1029 873 1072 Immo
899 1028 1179 1087 καλούμενον
1204 1037 1390 1094 ταῦρον)
1420 1038 1535 1094 πρὸς

128 1082 210 1130 τὸν
235 1083 403 1147 πατέρα
433 1086 525 1135 εἶπε
549 1092 801 1151 ’χρήσεσθαι
830 1103 922 1150 τοῖς
957 1101 1115 1152 ἱστίοις
1136 1106 1331 1158 λευκοῖς,
1361 1105 1419 1164 ἢν
1442 1107 1536 1154 ὀπί-

132 1163 197 1197 σω
236 1156 346 1215 πλέῃ
387 1162 472 1203 τοῦ
509 1161 682 1219 ταύρου
720 1167 963 1224 κρατήσας·
1023 1169 1196 1215 τούτων
1232 1172 1377 1232 λήθην
1411 1177 1536 1235 ἔσχεν

129 1217 364 1283 Ἀριάδνην
395 1225 693 1288 ἀφῃρημένος.
753 1235 951 1281 ἐνταῦθα
977 1238 1139 1295 Αἰγεὺς
1162 1240 1223 1294 ὥς
1243 1241 1358 1288 εἶδεν
1378 1248 1534 1300 ἱστίοις

133 1289 291 1347 μέλασι
309 1293 391 1352 τὴν
410 1302 526 1342 ναῦν
543 1303 848 1361 κομιζομένην,
880 1303 953 1350 οἷα
970 1305 1050 1351 τὸν
1071 1312 1211 1355 παῖδα
1234 1311 1444 1364 τεθνάναι
1463 1318 1535 1360 δο-

131 1362 248 1412 κῶν,
278 1359 407 1420 ἀφεὶς
426 1365 565 1412 αὑτὸν
592 1371 920 1430 διαφθείρεται·
950 1378 1027 1420 καί
1062 1379 1107 1421 οἰ
1133 1373 1257 1436 παρὰ
1284 1380 1536 1439 Ἀθηναίοις

132 1425 226 1472 ἐστὶ
242 1431 523 1490 καλούμενον
542 1436 695 1499 ἡρῷον
721 1433 900 1497 Αἰγέως.
961 1445 1022 1500 (6)
1041 1444 1167 1492 ’Ἐστι
1185 1450 1232 1494 δὲ
1255 1450 1304 1494 έν
1324 1449 1535 1512 ἀριστερᾷ

133 1499 224 1541 τῶν
257 1505 552 1559 προπυλαίων
591 1509 753 1572 οἴκημα
787 1511 888 1572 ἕχον
923 1514 1124 1573 γραφάς·
1183 1515 1372 1573 ὁπόσαις
1401 1522 1448 1567 δὲ
1473 1523 1535 1581 μὴ

132 1647 281 1705 unicus
303 1660 366 1693 est
385 1655 543 1699 aditus:
572 1674 664 1703 nam
686 1677 737 1704 ex
758 1665 844 1705 aliis
862 1666 1048 1718 partibus
1067 1675 1139 1710 aut
1153 1673 1387 1725 praeruptis
1415 1670 1536 1728 rupi-

132 1712 223 1770 bUS,
257 1727 328 1760 aut
345 1725 482 1766 valido
499 1743 618 1780 muro
636 1733 869 1786 incingitur.
930 1736 1152 1789 Vestibula,
1186 1754 1288 1793 quae
1307 1742 1535 1796 Propylaea

134 1788 361 1842 appellant,
411 1808 433 1834 e
464 1800 640 1840 candido
669 1818 870 1844 marmore
908 1805 1066 1857 fastigia
1090 1806 1253 1849 habent.
1316 1811 1407 1861 Quo
1437 1828 1534 1854 sane

135 1868 258 1915 opere
281 1857 360 1900 hac
382 1863 472 1916 ipsa
501 1876 629 1914 aetate
657 1873 762 1912 nihil
788 1880 859 1912 aut
876 1881 1042 1924 ornatu,
1075 1884 1144 1918 aut
1168 1879 1353 1931 lapidum
1379 1886 1535 1934 magni-

133 1925 276 1966 tudine
310 1937 597 1983 praestantius.
663 1943 879 1994 Equestres
922 1950 1080 1984 statuae
1126 1951 1395 2000 quorumnam
1432 1954 1532 2004 sint,

133 2006 217 2034 non
243 1995 374 2039 habeo
407 2003 562 2056 dicere,
593 2010 929 2064 Xenophontisne
949 2012 1128 2054 filiorum
1147 2017 1246 2068 sint,
1279 2034 1330 2059 an
1346 2034 1446 2061 vero
1479 2025 1533 2063 ad

135 2059 218 2103 loci
236 2065 434 2110 duntaxat
452 2073 641 2128 decorem
657 2082 827 2133 positae.
887 2081 954 2121 Ad.
974 2083 1168 2125 vestibuli
1187 2087 1396 2131 dexteram
1413 2092 1533 2134 imm·-

135 2129 261 2173 lucris
291 2136 497 2182 Vlctoriae
525 2149 719 2190 sacellum
738 2157 810 2191 est.
872 2149 938 2204 (5)
958 2151 1050 2198 Qua
1074 2153 1128 2193 ἃ(Ῑ
1142 2170 1254 2196 mare
1286 2168 1532 2212 ,ῙΠὋΞΡΘΟῘΞΗ8

135 2210 271 2256 patet,
317 2209 413 2250 inde
450 2227 493 2253 se
537 2215 716 2269 Aegeum
750 2219 943 2259 abiecisse
984 2220 1134 2263 ferunt.
1192 2226 1295 2266 Nam
1334 2230 1532 2272 Theseum

136 2274 270 2326 aiunt,
317 2293 443 2331 quum
479 2284 533 2324 ad
556 2286 831 2327 Minotaurum
862 2288 1210 2345 proficisceretur,
1258 2298 1403 2338 virtuti
1437 2315 1532 2340 suae

137 2344 322 2385 nonnihil
345 2348 556 2403 fidentem,
597 2357 709 2408 patri
733 2357 975 2408 affirmasse,
1018 2362 1204 2403 candidis
1234 2366 1335 2405 velis
1355 2381 1532 2411 usurum

137 2424 205 2461 se,
235 2413 478 2471 interempto
509 2423 543 2461 si
569 2423 800 2465 Minotauro
827 2427 1026 2468 rediisset.
1090 2431 1212 2480 Quod
1238 2447 1364 2486 quum
1383 2437 1434 2476 ob
1465 2453 1534 2477 ra·-

139 2486 255 2532 ptum
273 2482 474 2530 Ariadnae
492 2499 596 2532 esset
620 2495 781 2544 oblitus,
813 2495 1002 2548 Aegeum,
1027 2499 1152 2550 nigris
1170 2503 1271 2542 velis
1291 2509 1532 2559 conspeetiS,

140 2562 268 2602 quum
283 2551 410 2595 filium
427 2560 594 2610 periisse
613 2564 897 2615 existimasset,
928 2567 971 2604 in
989 2582 1099 2608 mare
1117 2584 1159 2609 se
1177 2574 1441 2626 praecipitem
1461 2577 1535 2615 (le-

142 2623 261 2663 disse.
320 2623 372 2663 Et
402 2625 524 2680 Aegei
551 2631 716 2686 quidem
752 2635 865 2686 apud
895 2634 1156 2678 Athenienses
1192 2642 1426 2694 sepulcrum
1455 2651 1534 2694 est,

142 2693 256 2744 quod
283 2692 405 2746 Aegei
430 2695 601 2739 heroum
628 2702 784 2741 dicunt.
845 2701 910 2754 (6)
940 2702 1006 2742 Ad
1032 2705 1190 2749 laevam
1216 2711 1408 2752 vestibuli
1436 2713 1537 2752 cella

138 2763 344 2816 quaedam
370 2772 431 2805 est
460 2766 596 2808 multis
619 2778 760 2810 ornata
780 2771 951 2824 picturis
964 2788 984 2822 ⁵.
1004 2787 1026 2812 e
1054 2777 1202 2828 quibus
1223 2792 1325 2830 quae
1344 2783 1538 2833 temporis

1544 494 1602 538 52
