1708 3086
418 190 1154 263 SEUL13.11.cAP.xx11.
1406 221 1496 266 299

101 334 448 389 συνδικάσαντες
481 333 690 391 ἔγνωσαν.
735 330 858 388 ’Ἡρα
886 330 967 388 μὲν
986 330 1041 389 δή
1068 331 1195 391 παρὰ
1213 335 1498 388 Ποσειδωνος

38 438 41 440 v
102 404 259 463 εὕρετο
283 402 492 454 ἀπελθεῖν
513 399 656 446 ὀπίσω
673 399 754 458 τὴν
772 399 1030 446 θάλασσαν·
1088 399 1275 458 Ἀργεῖοι
1297 404 1359 457 δὲ,
1389 402 1498 450 ὅθεν

102 473 156 520 τὸ
181 477 302 531 κῦμα
338 470 636 530 ἅνεχωρησεν,
673 467 798 527 ἱερὸν
829 471 1081 514 Ποσειδῶνι
1119 469 1335 529 ἐποίησαν
1360 476 1529 528 Heus--

83 536 310 600 {xl-voviip.
369 543 430 599 (6)
461 537 740 597 Προελθόντι
767 537 815 582 δὲ
855 536 912 583 οὐ
946 537 1064 583 πολυ
1092 538 1238 596 τάφος
1269 540 1388 585 ἐστὶν
1405 540 1503 599 Ἄρ..

106 629 219 671 γου,
258 610 369 664 Διὸς
403 606 518 655 εἶναι
555 610 800 660 δοκοῦντος
827 607 1005 664 καὶτῆς
1033 608 1280 665 Φορωνέως
1306 608 1501 667 Νιόβης·

107 680 217 740 μετὰ
251 681 299 726 δὲ
321 682 462 725 ταῦτα
493 675 790 733 Διοσκούρων
807 674 928 727 ναός.
987 675 1219 734 ἀγάλματα
1242 677 1290 723 δὲ
1312 675 1443 722 αὐτοί
1459 693 1506 722 τε

106 751 185 797 καὶ
203 751 248 795 οἱ
269 748 423 800 παῖδές
442 748 568 799 εἰσιν,
583 746 760 799 ’Ἀναξις
782 745 857 791 καὶ
871 749 1150 800 Μνασίνους,
1173 745 1260 792 σὺν
1280 745 1329 791 δέ
1351 758 1507 805 σφισιν

110 821 159 864 αἱ
184 818 362 877 μητέρες
385 815 574 872 Ἱλάειρα
609 815 686 860 καὶ
719 816 885 872 Φοίβη,
920 812 1046 872 τέχνη
1065 813 1147 871 μὲν
1178 817 1403 860 Διποίνου
1432 816 1511 860 καὶ
1588 828 1592 832 ’

110 887 377 940 Σκύλλιδος,
408 884 546 940 ξύλου
566 885 615 930 δὲ
634 883 810 942 ἐβένου·
860 888 955 935 τοῖς
973 881 1019 928 δ’
1051 885 1202 936 ἵπποις
1222 883 1277 928 τὰ
1303 886 1384 941 μὲν
1404 888 1510 929 πολ-

111 955 171 1003 λὰ
198 955 356 1014 ἐβένου
382 954 459 1000 καὶ
477 953 669 1008 τούτοις,
700 952 828 1010 ὀλίγα
850 953 898 997 δὲ
915 952 991 997 καὶ
1006 953 1246 1011 ἐλέφαντος
1264 954 1512 1010 πεποίηται.

113 1027 181 1082 (7)
230 1027 431 1082 Πλησίον
469 1024 517 1068 δὲ
555 1027 646 1068 τῶν
689 1021 886 1067 Ἀνάκων
926 1024 1173 1079 Εἰληθυίας
1212 1021 1331 1067 ἐστὶν
1373 1020 1511 1078 ἱερὸν,

114 1090 326 1150 ἀνάθημα
350 1091 549 1150 Ἑλένης,
579 1091 651 1136 ὅτε
680 1090 768 1147 σὺν
798 1093 996 1151 Πειρίθῳ
1027 1090 1204 1148 Θησέως
1237 1088 1514 1142 ἀπελθόντος

110 1161 158 1215 ἐς
191 1160 483 1220 Θεσπρωτούς
509 1159 704 1218 ’Ἄφιδνά
730 1177 775 1205 τε
807 1159 898 1206 ὑπὸ
934 1159 1233 1217 Διοσκούρων
1260 1158 1397 1213 ἑάλω,
1435 1159 1510 1204 καὶ
1526 1166 1609 1207 162

113 1230 244 1289 ἤγετο
277 1231 321 1284 ἐς
354 1232 667 1288 Λακεδαίμονα
691 1229 855 1287 Ἑλένη.
917 1230 1027 1287 ἔχειν
1057 1230 1137 1287 μὲν
1163 1227 1249 1286 γὰρ
1277 1227 1419 1287 αὐτήν
1451 1228 1517 1274 λε’-

116 1311 280 1357 γουσιν
311 1299 360 1344 ἓν
386 1298 559 1356 γαστρὶ,
588 1302 807 1344 τεκοῦσαν
838 1298 886 1343 δὲ
914 1297 1142 1355 ἐν’Ἁργει,
1171 1298 1246 1342 καὶ
1279 1302 1357 1355 τῆς
1388 1299 1520 1356 Εἰλη-

121 1371 258 1422 θυίας
299 1366 598 1425 ἱδρυσαμένην
620 1366 671 1412 τὸ
698 1366 843 1424 ἱερὸν,
882 1366 972 1425 τὴν*
995 1367 1077 1424 μὲν
1105 1369 1267 1419 παῖδα,
1307 1366 1365 1424 ἢν
1390 1367 1520 1420 ἔτεκε,

121 1435 494 1495 Κλυταιμνήστρᾳ
524 1438 706 1488 δοῦναι,
736 1438 989 1492 (συνοικεῖν
1012 1435 1100 1493 γὰρ
1133 1435 1218 1493 ἤδη
1245 1435 1522 1494 Κλυταιμνή-

125 1517 267 1563 στραν
293 1504 607 1564 Ἀγαμέμνονι)
639 1503 780 1563 αὐτὴν
809 1504 856 1550 δὲ
889 1504 1081 1562 ὕστερον
1108 1503 1282 1550 τούτων
1303 1504 1523 1565 Μενελάῳ

124 1636 293 1677 consilio
324 1635 565 1686 adfuerunt,
593 1642 746 1676 terram
781 1649 868 1675 eam
899 1636 1083 1686 Iunonis,
1122 1649 1206 1674 non
1231 1633 1413 1687 Neptuni
1439 1648 1527 1675 esse

126 1704 276 1745 debere
305 1706 640 1759 pronunciarunt.
702 1703 756 1744 At
774 1705 933 1755 deinde,
965 1718 1092 1757 quum
1113 1704 1218 1743 Iuno
1239 1716 1332 1742 eum
1361 1717 1530 1743 exoras-

127 1780 201 1824 set,
230 1780 278 1813 ut
294 1788 405 1815 mare
435 1774 665 1825 deduceret,
694 1786 769 1826 per
790 1788 910 1827 quem
926 1774 1062 1814 locum
1082 1773 1193 1813 unda
1213 1773 1391 1823 refluxit,
1420 1776 1463 1812 in
1481 1788 1531 1814 eo

126 1842 377 1895 Proselystio
411 1844 599 1896 Neptuno
633 1843 832 1897 templum
858 1843 1029 1894 Argivos
1064 1844 1251 1882 erexisse.
1338 1841 1402 1897 (6)
1454 1843 1534 1884 Ubi

129 1910 430 1964 aliquantulum
457 1913 725 1964 processeriS,
773 1911 873 1965 Argi
895 1913 1127 1966 sepulcrum
1157 1913 1360 1965 offendes,
1410 1922 1532 1969 quem

127 1978 227 2020 Iove
255 1985 296 2019 et
316 1979 445 2019 Niobe
467 1979 667 2020 Phoronei
690 1980 772 2020 filia
794 1982 972 2034 genitum
992 1988 1150 2035 putant.
1208 1976 1367 2023 Exinde
1391 1983 1534 2024 Casto-

130 2048 189 2089 ris
215 2054 257 2087 et
286 2048 465 2088 Pollucis
496 2051 713 2102 templum:
749 2049 793 2088 in
820 2064 900 2103 quo
931 2050 1144 2090 simulacra
1171 2065 1298 2105 quum
1326 2053 1533 2105 ipsorum,

131 2124 221 2158 tum
240 2117 474 2167 liberorum,
504 2118 698 2158 Anaxidis
718 2126 757 2159 et
776 2119 992 2159 Mnasinoi:
1023 2126 1143 2174 atque
1161 2135 1301 2160 eorum
1321 2120 1534 2173 utriusque

133 2193 326 2236 matrum,
355 2186 532 2226 Hilairae
556 2195 596 2227 et
620 2187 814 2238 Phoebes,
845 2189 1014 2242 Dipoeni
1031 2195 1071 2228 et
1099 2190 1290 2243 Seyllidis
1316 2195 1401 2227 arte
1429 2188 1538 2226 facta

137 2269 161 2295 e
179 2256 288 2308 ligno
317 2255 447 2295 ebeni.
507 2256 611 2310 Ipsis
633 2256 752 2296 etiam
773 2256 885 2309 equis
916 2258 1045 2298 maior
1064 2272 1158 2312 pars
1189 2273 1240 2298 ex
1263 2257 1388 2297 ebeno
1410 2256 1538 2298 facta:

138 2324 320 2377 reliqua,
369 2325 515 2376 exigua
545 2325 730 2377 quidem,
771 2340 823 2365 ex
853 2326 986 2366 ebore.
1059 2326 1125 2381 (7)
1165 2329 1295 2379 Prope
1325 2325 1540 2364 Castorum

139 2393 315 2433 Lucinae
349 2394 489 2433 fimum
515 2394 665 2433 dicavit
685 2394 861 2445 Helena,
907 2410 986 2449 quo
1013 2403 1218 2449 tempore,
1259 2393 1414 2434 Theseo
1445 2407 1541 2435 cum

141 2461 325 2503 Pirithoo
348 2464 393 2502 iu
413 2462 659 2516 Thesprotos
687 2465 885 2518 profecto,
917 2482 941 2505 a
971 2466 1132 2504 Castore
1157 2470 1198 2503 et
1222 2462 1389 2502 Polluce
1408 2462 1542 2516 Aphi-

146 2530 229 2570 dna
257 2538 388 2584 capta,
416 2530 570 2571 Helena
590 2532 928 2574 Lacedaemonem
954 2539 1165 2587 reportata
1190 2538 1273 2571 est:
1303 2531 1427 2570 fuisse
1453 2544 1542 2571 eam

148 2599 264 2639 aiunt
289 2613 316 2638 a
337 2599 485 2640 Theseo
518 2602 739 2652 gravidam,
771 2610 812 2642 et
829 2603 948 2655 Argis
973 2603 1131 2642 enixam
1146 2600 1344 2654 templum
1366 2600 1544 2639 Lucinae

149 2670 344 2709 erexisse:
382 2669 558 2721 puellam
581 2685 694 2721 vem,
725 2685 847 2724 quam
872 2671 1045 2725 peperit,
1077 2670 1414 2722 Clytaemnestrae
1441 2668 1545 2707 edu-

151 2739 325 2777 candam
341 2737 576 2776 tradidisse:
608 2738 748 2792 (fuisse
777 2740 883 2779 enim
911 2740 991 2779 iam
1026 2746 1113 2778 tum
1139 2752 1231 2778 cum
1250 2737 1546 2790 Agamemnone

106 2806 113 2808 ⁷
154 2803 530 2860 Clytaemnestram)
548 2803 676 2859 ipsam
692 2822 791 2848 vero
809 2815 951 2860 postca
963 2808 1156 2847 Helenam
1166 2808 1349 2848 Menelao
1365 2813 1546 2859 nuptam.
