1708 3086
465 202 611 270 ‘An
668 226 1202 279 L.1.(2AP.1Vv
1370 300 1375 301 7
1500 249 1554 292 19

157 335 431 395 vuoddvulgo.
487 341 567 384 Pro
585 344 751 398 vulgato
775 340 889 402 ἀκμῇ
906 353 967 387 est
984 350 1026 389 in
1040 350 1270 406 Mosquensi
1293 354 1410 419 ἀλκῇ,
1429 375 1550 416 quam

155 397 373 449 lectionem
393 400 510 441 etiam
533 402 649 443 Dom„
669 404 871 447 Calderini
890 411 930 444 et
955 406 1139 449 Amasaei
1166 413 1443 467 interpretatio
1473 438 1549 462 ro·-

156 454 249 497 lwre
278 454 539 503 commendat.
570 456 679 515 ἀκμή
695 463 812 514 ,enim
843 468 903 501 est
932 464 1043 514 τέλος
1069 470 1141 521 τῆς
1159 466 1379 524 αὐξήσεως·
1414 479 1473 517 sic
1502 481 1555 520 in:

151 513 305 552 Anecd.
326 515 503 556 Zonarae
532 520 761 570 praemissis
790 520 1077 572 p.,LXXXV1.
1135 526 1214 565 Pro
1253 530 1465 579 ἐφίσταντο
1489 538 1543 587 X,

149 573 222 620 23,
263 576 304 621 3,
346 572 416 612 ubi
455 575 592 614 eadem
629 576 731 617 haec
770 591 838 617 res
867 585 1077 631 narratur,
1124 590 1183 622 est
1218 583 1439 641 ἐφάνησαν,
1483 595 1544 635 De

148 630 401 682 apparitione
426 629 630 677 daemonis
651 636 895 686 ἐφίστασθαι
916 638 1033 677 etiam
1058 639 1143 691 VII,
1168 645 1232 692 17,
1253 649 1280 688 5
1316 646 1541 692 adhibetur.

150 684 252 724 Cum
271 685 419 726 Domit.
440 689 653 731 Calderino
678 699 717 732 et
738 692 999 744 Goldhageno
1021 699 1162 750 scripsi
1191 696 1423 751 Ἀμάδοκον
1434 706 1541 747 Har-

82 742 83 745 ’
145 743 448 795 pocrationem,
492 749 677 800 Suidam,
716 750 990 799 Phavorinum
1021 761 1060 793 et
1088 756 1336 811 Wesselingii
1369 762 1538 803 adnota-
1591 757 1593 760 ¹
1636 753 1661 763 Α

145 799 299 845 tionem
313 802 372 840 'ad
389 803 506 843 Diod.
527 807 565 844 S.
587 808 696 858 XIII,
713 812 794 853 105
811 816 1019 861 sequutus.
1046 810 1274 866 Ἀμάδοκον
1290 820 1539 871 vulgo-Val-

145 857 359 897 ckenarius
379 860 431 899 ad
450 861 599 902 Herod.
628 865 732 915 VIII,
753 869 808 910 39
828 867 970 906 maluit
988 883 1039 908 ex
1064 870 1284 920 Pausaniae
1314 877 1365 920 X,
1409 883 1485 928 23,
1507 885 1536 925 3

143 913 370 960 Λαοδόκου
388 931 536 959 nomen
554 920 623 960 hic
644 924 754 975 poni.
798 924 1254 987 ἐναγίζουσι-ἀτιμία.
1323 933 1412 973 Hoc
1437 938 1535 976 illu-

142 977 274 1012 strant
302 973 517 1014 Pausanias
539 979 591 1028 X,
615 984 653 1030 7,
677 984 713 1023 1.
733 984 802 1032 24,
822 983 861 1026 5.
884 983 1027 1022 Strabo
1047 985 1119 1035 IX,
1141 991 1222 1030 421
1245 987 1376 1046 (513).
1414 994 1534 1034 Tem.

139 1042 290 1083 porum
308 1031 476 1071 rationis
493 1033 562 1073 hic
579 1038 784 1089 neglectae
809 1053 924 1079 reum
952 1054 1067 1092 agere
1093 1044 1329 1087 Pausaniam
1361 1060 1533 1103 propter

137 1087 306 1128 Pindari
327 1089 440 1129 Nem.
451 1090 536 1141 VH,
560 1097 614 1138 68
634 1109 721 1148 sqq.
753 1097 929 1136 levitatis
949 1099 1066 1149 foret,
1088 1114 1170 1141 non
1184 1105 1406 1157 cogitantis,
1429 1110 1532 1149 alios

139 1144 381 1187 Pausaniam
390 1155 607 1200 sequutum
629 1167 714 1193 esse
734 1156 992 1195 auctores.1)e
1011 1170 1048 1203 v,
1059 1158 1251 1213 ἐναγίζειν
1265 1163 1317 1201 ad
1326 1164 1377 1213 II,
1406 1171 1472 1216 10,
1492 1171 1530 1210 l.
1587 1171 1591 1175 ’

249 1202 292 1257 §.
321 1205 360 1248 5.
422 1209 613 1250 Γαλατῶν
631 1232 690 1241 -—
715 1208 941 1265 διαβάντες.
964 1214 1015 1252 cf·
1047 1215 1096 1254 ad
1109 1217 1160 1266 Χ,
1177 1222 1246 1267 28,
1269 1224 1308 1263 8.
1330 1219 1542 1277 χρόνῳ-ἰ-

54 1260 58 1262 ’
133 1257 360 1314 θαλάσσης.
431 1262 565 1303 Verba
596 1266 636 1315 ἐς
665 1265 838 1322 ταύτην,
871 1283 973 1322 quae
1000 1272 1136 1324 Nibby
1167 1280 1455 1329 praetermisit,
1489 1288 1531 1322 et

126 1317 298 1358 .Clavier
317 1318 500 1360 reddidit
532 1321 633 1362 dans
665 1323 695 1364 Z’
730 1328 937 1376 interieur,
978 1328 1166 1369 Kuhnius
1197 1336 1354 1387 accepit
1380 1350 1458 1389 pro
1483 1339 1529 1379 ἐν

133 1373 285 1434 ταύτῃ,
332 1377 534 1418 Letronne
566 1387 698 1421 autem
728 1385 772 1423 in
797 1384 973 1437 Analyse
1004 1386 1061 1425 du
1089 1391 1263 1439 premier
1281 1393 1443 1433 volume
1469 1395 1542 1436 du.

134 1433 351 1475 Pausanias
371 1434 421 1475 de
436 1435 489 1475 Μ.
513 1437 671 1478 Clavier
688 1441 732 1479 in
745 1442 934 1482 Classical
955 1443 1120 1483 Journal
1143 1450 1252 1491 1816
1281 1450 1380 1490 June
1401 1453 1448 1490 N.
1467 1457 1527 1497 26

132 1503 174 1543 p.
196 1495 280 1536 316
306 1505 393 1544 sqq.
413 1496 563 1539 mutari
582 1497 674 1536 vult
690 1499 734 1537 in
764 1499 804 1548 ἐς
831 1498 905 1553 τήν
926 1503 1004 1554 γῆν
1046 1510 1215 1555 propter
1242 1519 1274 1544 c.
1301 1512 1340 1556 8,
1367 1513 1425 1559 23,
1450 1511 1525 1550 'sed
1600 1550 1602 1552 ,
1626 1482 1629 1484 ·

131 1548 267 1599 vides,
288 1550 388 1602 quid
404 1550 463 1589 ibi
488 1552 689 1605 adjectum
708 1556 771 1594 sit.
793 1557 946 1601 Forsan
963 1564 1072 1598 totus
1093 1561 1208 1600 locus
1226 1563 1284 1602 ita
1304 1567 1525 1617 restituen-

125 1604 208 1646 dus
240 1613 315 1646 est:
355 1604 490 1666 χρόνῳ
517 1609 560 1651 δὲ
585 1608 757 1667 ὕστερον
788 1616 837 1656 οἷ’
861 1617 1079 1670 Πέργαμον
1108 1617 1287 1671 ἔχοντες,
1327 1620 1451 1665 πάλαι
1481 1624 1525 1667 δὲ
1576 1625 1579 1628 ’

134 1665 392 1720 Τευθρανίαν
419 1668 688 1723 καλουμένην,
720 1671 760 1719 ἐς
788 1670 861 1724 τὴν
890 1676 968 1714 νῦν
1000 1677 1200 1718 Γαλατίαν
1229 1674 1377 1728 αὐτοὺς
1407 1678 1524 1723 ἐλαύ-

127 1735 274 1763 νουσιν
293 1718 375 1764 ἆπό
414 1721 637 1779 θαλάσσης.
699 1729 773 1767 Cui
801 1728 1048 1770 simillimum
1076 1731 1179 1772 illud
1207 1742 1266 1774 est
1295 1741 1335 1786 8,-
1362 1742 1406 1781 2:
1441 1743 1523 1781 Γα-

126 1776 249 1828 λάτας
276 1779 319 1827 ἐς
339 1777 414 1834 τὴν
441 1784 533 1836 γῆν,
563 1780 618 1836 ’ἣν
648 1785 704 1827 ἔτι
734 1787 802 1828 καὶ
830 1792 907 1829 νῦν
936 1789 1108 1841 ἔχουσιν,
1141 1786 1365 1848 ἀναφυγεῖν
1394 1789 1523 1852 ἠνάγ-

126 1851 254 1879 κασεν
283 1832 366 1879 ἆπό
397 1836 623 1893 θαλάσσης.
683 1844 800 1883 Adde
824 1845 948 1897 quod
988 1847 1140 1889 Strabo,
1161 1850 1251 1899 XII,
1292 1854 1376 1895 566
1398 1852 1520 1908 (176)

126 1893 247 1933 dicit:
288 1895 452 1934 Galatas
482 1901 751 1954 καταδραμεῖν
778 1898 854 1955 τὴν
892 1899 974 1945 ὑπὸ
1011 1909 1098 1953 τοῖς
1122 1903 1373 1958 ’Λτταλικοῖς
1403 1913 1520 1964 βασιἡ

117 1950 232 1995 ’λεῦσι
254 1949 388 2008 χώραν
417 1953 611 2007 καὶτοῖς
649 1961 866 2011 Βιθυνοῖς,
898 1960 976 2009 ἕως
1019 1963 1115 2015 παρ’
1156 1960 1334 2007 ἑκόντων.
1371 1967 1519 2022 ἔλαβον

122 2006 199 2063 τὴν
239 2015 318 2052 νῦν
359 2013 561 2052 Γαλατίαν
601 2015 669 2056 καὶ
710 2019 1032 2072 Γαλλογραικίαν
1049 2022 1286 2075 λεγομένην.
1345 2023 1518 2066 Accedit

123 2067 307 2108 Amasaei
332 2069 466 2108 versio
491 2067 612 2109 haec:
643 2073 686 2111 in
689 2075 915 2128 finitimam
930 2085 1085 2129 partem
1092 2106 1104 2125 ,
1138 2093 1239 2132 quae
1267 2095 1371 2121 nunc
1404 2081 1517 2122 Gal*

122 2123 328 2178 Zograecia
364 2124 533 2177 dicitur,
597 2128 866 2184 compulerunt
894 2147 971 2172 eos.
1037 2134 1208 2187 Uterque
1252 2138 1340 2176 cod.
1382 2139 1516 2181 Medi-

123 2197 219 2222 ceus
260 2185 466 2236 conspirat
509 2198 601 2224 cum
634 2187 886 2229 editionibus.
950 2188 1183 2244 ,Sangarius
1219 2207 1328 2233 nunc
1357 2196 1516 2238 Zacan‘

121 2254 195 2279 seu
215 2242 408 2282 Zacaria.
439 2243 489 2281 cf.
521 2243 706 2284 Mannert
735 2246 800 2297 VI,
834 2253 874 2297 3,
901 2251 987 2292 607
1005 2262 1063 2300 sq.
1088 2248 1202 2299 ἐκτὸς
1226 2257 1352 2307 Σαγγ.
1385 2254 1437 2292 cf.
1461 2255 1514 2295 ad
1593 2253 1619 2271 '⁷

119 2297 153 2348 Ι,
180 2303 216 2349 1,
237 2305 276 2344 3.
297 2298 489 2355 ’Ἀγκυρα
509 2302 606 2340 urbs
630 2302 673 2341 in
690 2304 886 2345 Strabone
919 2305 1008 2354 XII,
1043 2308 1139 2356 567,
1172 2308 1373 2361 Stephano
1410 2311 1511 2364 Byz.
1535 2334 1538 2339 ·

118 2355 253 2396 Nonni
271 2358 428 2397 Narrat.
449 2358 493 2398 in
513 2359 701 2399 Creuzeri
731 2362 865 2403 Melet.
892 2363 912 2401 I
930 2378 978 2415 p.
1000 2364 1054 2406 75
1081 2377 1127 2401 ac
1157 2364 1389 2431 Phavorino¹
1410 2386 1514 2424 προ-

103 2412 386 2470 ’παροξύνεται
398 2447 409 2466 ,
441 2417 512 2456 sed
529 2418 575 2456 in
596 2418 740 2469 Cyrilli
757 2435 829 2460 seu
848 2419 1066 2472 Philoponi
1078 2421 1323 2464 Collectione
1349 2439 1512 2479 vocum,

121 2483 222 2522 quae
241 2487 317 2524 pro
339 2474 499 2513 diversa
521 2475 809 2526 significatione
829 2485 1040 2523 accentum
1061 2477 1265 2519 diversum
1294 2484 1511 2536 accipiunt,
1535 2520 1537 2522 ,

118 2540 264 2568 nomen
297 2532 410 2571 urbis
437 2534 701 2584 penacuitur,
749 2543 796 2575 ut
825 2552 849 2576 a
886 2536 1137 2575 substantivo
1176 2549 1513 2594 proparoxytono

118 2583 278 2640 ἄγκυρα
299 2589 576 2640 distinguatur.
638 2591 761 2640 Quod
778 2595 823 2633 in
845 2593 1020 2647 Etymol.
1043 2593 1096 2630 M.
1137 2608 1176 2646 p.
1214 2599 1240 2638 9
1267 2598 1372 2651 Lips.
1409 2601 1511 2652 legi-

116 2649 204 2682 tur:
231 2642 414 2701 Ἀγκύρα
433 2643 461 2699 ἦ
482 2647 554 2701 μὲν
573 2646 691 2698 πόλις
709 2647 1084 2706 προπαροξύνεται,
1115 2649 1143 2704 ἦ
1183 2652 1225 2694 δὲ
1258 2661 1335 2697 τοῦ
1364 2660 1511 2699 πλοίου

116 2700 408 2756 παροξύνεται,
437 2704 483 2743 id
497 2705 661 2747 videtur
679 2708 735 2746 ita
759 2707 1040 2759 corrigendum
1069 2722 1175 2748 esse:
1204 2732 1259 2741 -
1290 2712 1407 2763 πόλις
1435 2732 1512 2756 πα.

118 2755 326 2815 ροξύνεται
339 2784 397 2793 -
413 2763 571 2806 πλοίου
589 2764 945 2822 προπαροξύνεται
959 2797 971 2816 ,
999 2779 1091 2806 niun
1108 2765 1230 2819 hujus
1252 2771 1394 2812 ultima
1415 2786 1508 2812 θοι-ε

1152 2837 1221 2877 be
