1708 3086
195 246 280 287 272
663 248 1123 296 ΚΟΡΙΝΘΙΛΚΑ

576 361 625 410 Ο
652 362 698 413 Α
733 364 773 412 Ρ
807 365 858 414 U
891 366 937 415 T
1006 364 1199 418 XVII.
1511 376 1571 406 ψ

193 479 253 515 De
279 479 426 519 Heraeo
458 481 626 526 (Junonis
645 484 801 531 templo)
831 497 947 532 prope
980 488 1162 533 Mycenas
1191 505 1250 516 —
1277 495 1405 523 monte
1428 488 1582 533 Euboea

307 555 346 583 et
383 551 576 585 Asterione
604 552 722 587 fluvio
759 572 815 581 -—
852 556 1081 591 ornamentis
1117 557 1255 592 Heraei
1287 563 1326 592 et
1360 556 1475 604 signis
1494 548 1580 603 alite

304 617 401 652 illud
438 637 496 646 ——
533 621 686 655 Junonis
720 627 756 656 et
795 623 918 659 Hebes
943 623 1058 671 signis
1083 623 1124 658 in
1150 624 1219 660 illo
1253 644 1313 654 —-
1349 625 1580 673 domiinjn

303 686 374 723 illo
402 706 460 713 -—
489 689 691 735 Chryse-‘ide
707 691 897 731 sacerdote
915 692 1080 728 sunonis.

191 773 473 862 Μυκηνῶν
506 807 552 851 δὲ
585 807 631 852 ἐν
650 803 855 875 ἀριστερᾷ
880 809 1008 855 πέντε
1034 807 1180 867 ἀπέχει
1201 811 1279 857 καὶ
1298 812 1405 858 δέκα
1425 810 1582 869 στάδια

189 870 241 917 τό
279 873 477 928 Ἡραῖον.
540 876 610 932 ῥεῖ
647 877 694 921 δὲ
735 876 845 922 κατοὶ
886 877 967 936 τήν
999 876 1110 924 ὁδὸν
1137 879 1262 936 ὕδωρ
1302 879 1581 943 Ἐλευθέριον

186 941 486 999 καλούμενον·
545 949 736 1003 χρῶνται
768 946 815 990 δὲ
844 945 966 1004 αὐτῷ
994 946 1108 1004 πρὸς
1132 947 1373 1004 καθάρσια,
1403 951 1449 995 αἳ
1477 949 1580 1011 περὶ

186 1008 240 1055 τὸ
295 1008 419 1066 ἱερὸν
466 1011 541 1056 καὶ
600 1013 670 1057 ἐπὶ
717 1018 808 1059 τῶν
853 1020 1025 1060 θυσιῶν
1075 1016 1251 1061 ἑστᾶσιν
1295 1014 1574 1081 αποῤῥήτων.

187 1079 250 1135 (2)
281 1076 405 1123 Αὐτὸ
427 1078 475 1124 δὲ
507 1079 557 1124 τό
578 1081 702 1138 ἱερόν
722 1083 876 1128 ἐστιν’
859 1101 907 1128 εν
922 1078 1248 1144 χθαμαλωτέρῳ
1268 1089 1346 1143 τῆς
1362 1084 1573 1151 Ev'ssoloc33

186 1145 238 1191 τὸ
268 1164 355 1205 γαρ
395 1145 448 1206 δὴ
483 1165 589 1206 ορος
619 1155 751 1195 τοῦτο
785 1150 1080 1209 ὀνομάζουσιν
1110 1153 1338 1211 Εὔβοιαν,
1377 1153 1577 1213 λέγοντες

180 1214 431 1274 Ἀστερίωνι
453 1217 660 1273 γενέσθαι
678 1223 741 1278 τῷ
756 1224 942 1278 ποταμῷ
959 1221 1223 1278 θυγατέρας,
1252 1221 1472 1281 Ευβοιαν,
1500 1224 1575 1289 καὶ

186 1282 484 1341 Πρόσυμναν,
513 1286 587 1330 καὶ
622 1285 850 1344 Ἀκραίαν,
887 1286 1002 1334 εἶναι
1041 1289 1088 1334 δὲ
1121 1293 1239 1346 σφᾶς
1269 1290 1474 1350 τροφοὺς
1502 1296 1578 1351 τῆς

173 1350 354 1407 ”Ηρας.
387 1353 463 1396 καὶ
494 1351 582 1398 απὸ
612 1354 693 1412 μὲν
719 1355 922 1414 Ἀκραίας
955 1355 1006 1401 τὸ
1039 1355 1146 1415 ὄρος
1163 1361 1353 1404 καλοῦσι
1366 1358 1417 1404 τὸ
1441 1357 1575 1405 ἅπαν·

183 1418 314 1476 τικρυ
349 1424 431 1464 τοῦ
457 1419 655 1479 Ἡραίου,
687 1423 777 1470 ἀπὸ
811 1425 859 1470 δὲ
890 1424 1088 1483 Εὐβοίας
1120 1425 1232 1471 οσον
1250 1426 1350 1484 περὶ
1370 1425 1431 1487 τὸ
1430 1426 1574 1492 ἱερὸν,

185 1487 462 1544 Πρόσυμναν
487 1490 534 1535 δὲ
561 1508 643 1548 τνν
676 1491 770 1538 ὑπὸ
797 1493 847 1538 τὸ
880 1494 1067 1549 Ηραῖον
1093 1493 1255 1577 χώραν.
1315 1495 1340 1539 ὁ
1369 1484 1416 1540 δὲ
1441 1494 1573 1541 Ἀστε-

183 1558 295 1612 ρίων
326 1551 458 1610 οὗτος
483 1559 598 1614 ῥέων
628 1558 720 1605 ὑπὸ
750 1561 802 1606 τὸ
826 1561 1013 1618 Ἡραῖον
1042 1562 1084 1614 ἐς
1109 1562 1320 1619 φάραγγα
1351 1563 1573 1609 ἐσπίπτων

182 1623 449 1681 αφανίζεται.
482 1626 642 1683 φύεται
659 1628 708 1672 δὲ
729 1627 871 1673 αυτοῦ
890 1629 981 1674 πόα
999 1630 1112 1687 πρὸς
1129 1636 1224 1683 ταῖς
1245 1631 1410 1688 ὄχθαις.
1437 1630 1571 1678 Ἀστε-

181 1694 321 1748 ρίωνα
357 1691 626 1750 ὀνομάζουσι
660 1697 735 1740 καὶ
771 1696 853 1754 τὴν
880 1697 999 1744 πόαν
1029 1698 1204 1756 ταύτην.
1263 1702 1318 1757 τῇ
1344 1699 1464 1758 ”Ηρᾳ
1495 1701 1572 1746 καὶ

179 1758 321 1819 αὐτὴν
346 1761 559 1820 φέρουσι,
588 1765 665 1810 καὶ
695 1763 784 1810 ἀπὸ
818 1769 909 1810 τῶν
937 1766 1122 1824 φύλλων
1152 1765 1289 1824 αὐτῆς
1317 1766 1568 1825 στεφάνους
1617 1820 1622 1824 ,

292 1951 388 1990 Cu.
429 1950 554 1991 XVII.
623 1949 688 1991 Ad
704 1951 863 1992 laevam
887 1952 1145 2005 Mycenarum
1175 1953 1304 1994 stadia
1339 1952 1416 1994 XV
1451 1954 1571 2008 abest,

175 2016 342 2060 Iunonis
365 2020 514 2059 fanum.
572 2020 737 2060 Praeter
755 2022 862 2061 viam
885 2036 989 2075 aqua
1013 2023 1121 2073 fluit,
1151 2036 1253 2075 quae
1279 2022 1430 2062 dicitur
1443 2023 1567 2065 Eleu-

176 2085 321 2126 the‘ria.
381 2087 437 2126 Ea
457 2088 508 2127 ad
527 2102 694 2127 arcanas
717 2091 964 2143 expiationes
993 2098 1162 2131 utuntur
1191 2091 1333 2142 templi
1358 2097 1401 2130 et
1426 2106 1571 2144 sacro-3

173 2167 266 2195 rum
282 2156 493 2196 antistitae.
555 2155 616 2210 (2)
645 2157 799 2198 Fanum
818 2159 952 2212 ipsum
970 2161 1013 2199 in
1036 2159 1215 2212 planiore
1234 2158 1422 2201 Euboeae
1447 2166 1564 2212 parte

174 2222 298 2268 situm
331 2229 401 2261 est.
476 2225 667 2264 Euboean
704 2239 802 2265 vero
832 2234 1009 2267 montem
1037 2227 1254 2280 appellant.
1340 2226 1563 2269 Asterionin

174 2291 322 2329 etenim
340 2291 466 2330 amnis
483 2292 595 2343 filias,
614 2293 819 2345 Euboean,
847 2296 1121 2347 Prosymnam,
1148 2301 1190 2333 et
1205 2294 1412 2346 Acraeam,
1438 2296 1563 2337 Iuno-

173 2358 235 2396 nis
254 2358 430 2398 nutrices
446 2359 570 2400 fuisse
590 2361 795 2402 dictitant:
817 2370 858 2403 et
873 2364 922 2402 ab
940 2378 1078 2403 earum
1092 2377 1173 2403 una
1189 2363 1368 2403 Acraean
1383 2371 1560 2410 montem

174 2426 432 2478 appellatum,
464 2429 533 2481 qui
549 2442 600 2469 ex
617 2429 786 2470 adverso
802 2430 965 2469 Iunonis
983 2439 1059 2471 est:
1090 2431 1138 2470 ab
1155 2431 1318 2470 Euboea
1330 2436 1428 2470 ‘eum
1443 2445 1563 2479 mon-7

171 2500 267 2543 tem,
278 2496 320 2533 in
338 2509 418 2547 quo
436 2499 631 2551 templum
646 2506 723 2543 eat:
754 2499 1012 2550 Prosymnam
1027 2512 1125 2539 vero
1143 2505 1327 2538 vocatam
1345 2496 1392 2537 de
1409 2501 1558 2545 sororia

170 2564 308 2602 tertiae
326 2566 481 2611 nomine
507 2580 654 2617 aream,
684 2579 784 2619 quae
813 2564 978 2607 Iunonis
1004 2568 1153 2620 templo
1184 2567 1375 2606 subiacet.
1434 2566 1556 2610 Aste-

168 2629 258 2668 rion
275 2630 361 2682 ipse
387 2633 492 2672 infra
512 2634 677 2673 Iunonis
697 2635 801 2685 fluit,
831 2649 879 2674 ac
909 2635 1053 2674 deinde
1082 2636 1123 2674 in
1151 2647 1314 2687 specum
1347 2633 1581 2674 demersus,

167 2696 441 2739 absconditur.
500 2702 564 2740 Ad
587 2703 670 2742 eius
688 2703 796 2756 ripas
818 2702 943 2742 herba
959 2703 1152 2753 nascitur,
1172 2716 1293 2755 quam
1303 2702 1564 2742 Asterionem-

163 2765 391 2806 nominant:
423 2782 510 2811 eam
533 2768 698 2812 herbam
717 2771 862 2811 Iunoni
881 2785 1003 2824 quum
1024 2771 1220 2824 integram
1245 2771 1428 2819 offerunt,
1461 2776 1548 2808 tum

1703 2495 1708 2503 A

1683 2724 1708 2766 t!
