1708 3086
164 222 279 275 ,160
642 219 1134 266 Excunstfs

194 333 355 375 ordiens
373 331 481 374 redit
498 332 550 374 ad
568 334 732 374 eandem
748 331 855 375 illam
871 337 1074 389 porticum
1088 335 1237 389 regiam
1248 368 1260 388 ‚
1299 338 1409 381 unde
1435 342 1575 395 profe-

193 397 283 430 ctus
303 398 387 430 erat
405 392 450 430 in
471 393 599 444 prima
619 400 741 444 parte.
760 395 810 431 cf.
834 398 899 442 14,
914 397 939 438 5
963 408 1055 434 cum
1074 399 1173 443 8,1.
1203 394 1300 435 Inde
1318 399 1577 449 progreditur
1618 436 1622 441 .

192 448 246 487 ad
269 448 416 516 templa
437 447 605 489 Vulcani
625 454 664 488 et
684 450 849 488 Veneris
864 451 1034 490 Uraniae
1054 455 1120 499 14,
1139 453 1179 495 5
1210 453 1263 491 ad
1291 453 1476 495 Poecilen
1507 458 1575 501 15.-

193 506 246 544 ad
273 500 429 559 ἀγορὰν
451 506 715 545 recentiorem
747 510 811 549 17.
853 507 905 545 ad
934 508 1194 560 Gymnasium
1225 511 1495 552 Ptolemaeum
1527 527 1576 553 ac

190 562 337 601 Thesei
357 562 552 616 templum
569 567 632 612 17,
645 570 681 604 ¹2.
713 562 819 602 Hinc
838 577 1026 604 reversus
1050 566 1100 604 ad
1122 562 1276 620 ἀγορὰν
1294 570 1574 621 recentiorem,
1631 587 1648 594 ⁴

193 621 350 659 confert
381 633 423 658 se
451 620 503 658 ad
534 621 742 658 Castorum
771 621 966 673 templum
994 624 1031 660 ei
1070 625 1170 661 aicit
1200 625 1307 678 parti
1326 624 1575 678 subjectum,

190 690 295 729 quae
315 678 651 728 euroaquilonem
667 683 821 728 spectat
841 681 905 727 18,
931 683 967 721 1.
991 679 1043 717 ad
1063 680 1240 720 vicinum
1251 680 1415 732 Aglauri
1436 683 1576 724 sanum

192 735 262 783 18,
280 738 320 776 2.
345 734 648 785 adPrytaneum
673 748 750 772 non
773 736 916 786 procul
939 736 987 774 ab
1011 751 1058 775 eo
1087 744 1290 776 remotum
1319 741 1384 788 18,
1410 743 1452 784 3.
1480 739 1575 790 Quo

188 791 331 830 relicto
350 791 559 830 descendit
578 792 628 829 ad
649 791 860 830 inferiores
894 793 1010 832 urbis
1034 800 1169 845 partes
1198 798 1264 844 18,
1282 798 1324 838 4.
1353 796 1398 834 in
1429 797 1576 849 quibus

188 853 284 886 suut
302 847 507 900 Serapidis
532 854 570 886 et
601 846 784 900 Ilithyiae
806 849 975 901 templa,
1036 852 1229 903 templum
1246 851 1356 891 Jovis
1374 851 1574 908 Olympii,

187 905 324 944 fanum
345 905 511 943 sunonis
533 905 723 957 Jovisque
753 905 1023 956 Panhellenii,
1083 914 1123 947 et
1161 922 1372 950 commune
1396 911 1574 950 omnium
1643 950 1646 951 γ

187 961 357 1000 deorum
374 963 570 1014 templum
596 966 660 1011 18,
681 964 707 1005 4
728 963 779 1000 ad
794 964 923 1003 finem.
955 965 1112 1004 AJovis
1143 966 1320 1019 Olympii
1349 967 1502 1020 templo
1534 972 1574 1006 et

185 1018 323 1057 vicino
357 1017 521 1070 Pythii
521 1019 735 1057 simulacro
764 1019 971 1060 adscendit
994 1034 1136 1061 versus
1167 1037 1239 1062 em
1241 1024 1498 1078 oaquilonem
1521 1021 1574 1065 ad

183 1074 466 1128 Delphfflimu,
498 1077 638 1128 quod
628 1090 670 1114 111
689 1077 758 1115 illa
779 1078 941 1128 iegione
981 1078 1190 1118 Castorum
1219 1080 1372 1132 templo
1404 1087 1573 1132 putatur

185 1132 235 1172 ab
260 1138 353 1171 ortu
369 1131 494 1171 fuisse
514 1134 742 1185 oppositum
763 1107 848 1183 19?
851 1139 886 1176 1.
928 1135 1032 1174 Huic
1061 1135 1261 1177 venusin
1288 1134 1418 1176 hortis
1439 1138 1573 1179 vicina

184 1192 254 1238 19,
286 1193 326 1232 2.
366 1195 483 1228 extra
511 1202 669 1229 murum
700 1190 756 1228 ibi
783 1204 855 1230 ver
858 1204 926 1229 sus
956 1192 1148 1231 orientem
1173 1193 1421 1246 Cynosarges
1445 1197 1569 1245 19,&
1582 1232 1585 1237 ,

181 1246 289 1286 infra
308 1239 392 1285 lioc
409 1247 652 1311 gyxnnasiem
677 1247 753 1285 fuit
771 1248 952 1297 alterum,
970 1249 1148 1301 Lyceum
1171 1249 1323 1289 dictum
1343 1252 1410 1300 19,
1431 1253 1472 1295 4.
1482 1249 1571 1291 Ac·-

179 1303 293 1342 cedit
315 1302 367 1344 ad
383 1304 560 1342 vicinum
580 1303 738 1342 nissum
761 1308 824 1352 19,
850 1309 890 1353 6,
922 1304 1037 1359 cujus
1061 1319 1138 1360 per
1158 1313 1322 1361 pontem
1346 1307 1492 1350 tramit
1519 1307 1572 1349 ad
1632 1318 1637 1323 ‘

181 1360 307 1414 Agras
328 1366 370 1400 et
387 1358 563 1401 Herodis
583 1361 755 1426 stadium
778 1365 844 1412 19,
864 1365 905 1405 7

294 1474 387 1514 Ex
374 1474 445 1524 iis,
462 1487 564 1527 quae
590 1470 810 1515 stuartus‘
796 1490 837 1514 m
852 1474 1092 1529 Antiquities
1118 1476 1165 1516 os
1170 1474 1377 1518 Athem'l'
1390 1478 1502 1533 lup.
1511 1483 1571 1525 ΞΟ

180 1537 222 1572 et
240 1532 288 1572 T
311 1533 327 1569 Ι
349 1546 390 1584 p.
411 1536 440 1576 8
458 1530 536 1570 hac
558 1531 607 1570 ‹le
626 1547 670 1572 re
700 1534 885 1586 scripsit,
929 1535 1023 1573 satis
1050 1535 1125 1574 erit
1152 1542 1307 1586 partem
1338 1542 1571 1591 exemptam
1613 1582 1628 1592 ,

177 1588 247 1627 hic
265 1589 576 1641 interposuisse:
607 1589 859 1641 »Returning
883 1590 1024 1630 thence
1053 1589 1175 1644 (from
1203 1591 1272 1631 the
1301 1593 1567 1648 Cynosarges)

177 1645 230 1685 he
255 1646 455 1684 ‹lescends
477 1647 596 1698 along
614 1645 682 1686 the
700 1647 827 1686 banks
835 1620 893 1685 t'of
906 1647 974 1686 the
995 1648 1161 1687 Ilissus
1150 1662 1192 1685 111
1209 1648 1278 1687 the
1306 1649 1459 1700 Agrae,
1488 1650 1568 1692 and
1639 1682 1642 1683 ν

178 1715 269 1740 con«
273 1702 401 1741 ludes
420 1702 501 1741 this
523 1717 595 1755 pel
572 1676 840 1742 ”ambulation
863 1703 964 1742 with
981 1718 1032 1742 an
1049 1718 1158 1743 acco
1151 1710 1223 1742 int
1242 1705 1288 1744 of
1303 1704 1370 1743 the
1393 1707 1568 1748 stadium

179 1760 226 1797 01
242 1758 426 1797 Herodes
442 1758 611 1798 Atticus.
630 1780 686 1789 --
716 1760 930 1798 Pausanias
960 1760 1110 1812 having
1138 1759 1309 1800 finished
1337 1761 1418 1802 this
1438 1767 1565 1813 tour,

172 1815 428 1867 immediatly
446 1829 694 1855 commences
711 1815 774 1855 his
796 1824 968 1856 account
989 1818 1036 1857 of
1042 1831 1092 1856 an
1110 1817 1227 1858 other
1242 1824 1351 1870 tour,
1365 1833 1416 1860 on
1427 1819 1567 1864 which
1587 1831 1591 1836 ’

182 1870 236 1912 he
262 1886 315 1925 pi
318 1872 464 1911 oceeds
477 1874 517 1912 fi
519 1887 583 1911 om
601 1872 668 1912 the
683 1873 940 1926 Prytaneum.
951 1889 971 1912 «

288 1985 410 2025 Parte
431 1984 487 2024 ΠΙ
526 1984 825 2038 perlustrantur
857 2002 922 2038 ea,
964 2000 1065 2040 quae
1094 1988 1281 2041 proxima
1310 1989 1395 2028 arci
1421 1988 1564 2032 vers&

172 2031 383 2083 meridiem
403 2049 535 2090 crant,
569 2050 609 2081 et
631 2058 704 2083 arx
721 2046 809 2097 ipsa
821 2074 832 2094 ‚
864 2045 1010 2096 quibus
1028 2047 1176 2084 mentio
1195 2044 1563 2098 adjungiturAleo-

171 2099 265 2156 pagi
285 2112 429 2138 velens
450 2112 616 2138 caurum
636 2115 680 2139 ai
684 2102 720 2139 ci
749 2103 921 2153 oppositi
944 2105 1140 2150 20-29,
1162 2105 1199 2144 1.
1230 2101 1394 2141 Initium
1422 2103 1521 2144 facit
1538 2114 1562 2148 ι

171 2152 251 2206 ΡΥ)1
255 2162 387 2204 tanco,
415 2157 531 2207 quod
550 2171 624 2207 pai
626 2163 664 2195 te
684 2159 858 2197 secunda
882 2160 1083 2211 tetigerat3
1116 2158 1164 2196 ab
1181 2157 1262 2198 hoc
1284 2159 1491 2200 descendit
1508 2160 1561 2201 ad

171 2211 399 2263 subjectam
417 2214 524 2251 viam
544 2214 771 2266 tripodum,
803 2229 968 2267 eamque
1001 2217 1050 2254 ab
1081 2223 1174 2255 ortu
1198 2227 1340 2254 versus
1371 2229 1560 2258 occasum

167 2276 446 2321 persequutus
479 2273 610 2318 20,1,
642 2271 692 2309 ad
716 2268 866 2310 Bacchi
911 2273 1106 2324 templum
1145 2271 1460 2324 antiquissimum
1487 2278 1559 2326 20,

168 2330 225 2374 23
256 2325 305 2363 ab
326 2340 375 2364 eo
396 2327 605 2366 adscendit
625 2327 675 2366 ad
692 2328 859 2367 Periclis
877 2328 1022 2368 odeum
1044 2328 1098 2383 (v.
1123 2325 1257 2370 adnot.
1278 2328 1329 2366 ad
1349 2332 1416 2379 20,
1437 2328 1481 2383 3)
1518 2338 1559 2391 et

172 2381 226 2419 ad
241 2381 447 2422 theatrum
465 2383 614 2422 Bacchi
633 2388 700 2432 20,
724 2390 763 2428 3.
787 2390 856 2434 21,
878 2389 914 2434 1,
946 2386 1258 2436 australemque·
1268 2385 1371 2424 arcis
1398 2398 1558 2433 nimum

147 2485 150 2488 Δ
170 2441 242 2487 21,
264 2442 305 2482 4
322 2443 363 2482 5.
387 2453 504 2492 quem
523 2441 657 2492 legens
679 2441 936 2493 progreditur
952 2455 1093 2482 versus
1114 2454 1300 2480 occasum
1319 2441 1370 2480 ad
1390 2444 1475 2483 Gali
1491 2459 1557 2484 se·-

169 2468 385 2546 pnicum),
417 2503 458 2539 et
475 2498 720 2549 Aesculapii,
759 2498 961 2538 Themidis
980 2512 1026 2537 ac
1050 2499 1205 2537 Cereris
1230 2496 1376 2537 Chloen
1405 2498 1580 2554 templnae

168 2554 240 2600 21,
261 2557 434 2603 6--22‚
452 2560 492 2599 3.
518 2555 568 2593 cf.
592 2554 726 2594 adnot.
750 2556 800 2593 ad
816 2559 883 2604 21,
912 2560 952 2598 6.
985 2555 1175 2606 Sequitur
1207 2556 1309 2594 arcis
1337 2555 1554 2609 descriptio

169 2610 240 2657 22,
258 2612 436 2660 4-28,
456 2615 494 2655 4
516 2611 624 2650 unde
646 2612 789 2651 nansit
811 2612 864 2653 ad
883 2611 1137 2665 Areopagum
1158 2618 1196 2653 et
1214 2612 1394 2655 vicinum
1409 2614 1553 2656 Furia-

169 2671 265 2705 rum
281 2668 487 2721 templum
485 2673 564 2721 28,
585 2670 624 2713 5.
644 2673 684 2712 6
