1708 3086
593 241 979 277 PRAEFATIO.
1353 246 1491 284 XXXV

23 330 41 403 3⁵,
89 345 273 396 chartis
290 341 508 394 maximis
528 339 822 409 divulgatam
841 339 1384 410 Sylburgiisseditionem
1408 370 1489 416 ap-

20 399 34 476 f}
88 415 273 482 pellax-e
344 412 510 480 possiS.
651 413 761 471 Qua
822 412 908 479 qui
991 428 1164 480 putant
1219 433 1268 464 se
1324 437 1489 469 carere

79 502 248 565 posse,
283 480 513 551 quoniam
535 479 784 549 Sylburgii
809 482 1141 533 adnotationes
1176 488 1407 536 Kalmias
1436 507 1487 537 se

20 567 33 603 4.
83 571 143 602 ω
164 562 299 602 suam
324 552 588 602 editionem
614 551 909 601 transtulisse
931 552 981 600 in
1012 552 1117 620 ipso
1136 553 1284 618 hujus
1318 557 1487 607 editio-

16 620 32 681 ἑὲ
83 623 166 672 mis
181 622 350 671 limine
372 623 618 688 professus
644 619 718 679 sit,
744 620 796 668 hi
817 640 866 670 se
890 623 1039 671 sciant
1063 623 1378 674 vehementer
1411 646 1485 675 er-

18 707 37 758 {-
84 707 198 740 rare
215 711 230 742 a
261 709 364 740 non
385 708 560 757 paucas
583 690 716 750 enim
736 690 928 746 illarum
949 691 1318 741 adnotationum
1338 695 1482 744 Kuh-

85 760 198 826 nius
223 761 386 810 nescio
410 777 505 827 qua
523 759 818 828 negligentia
838 775 1007 827 captus
1027 761 1209 825 omisit;
1247 782 1347 831 quo
1380 783 1484 813 non

20 856 21 859 ¹
81 829 422 880 animadverso
455 830 494 878 F
496 830 624 883 acius
648 828 876 894 'pluribus
906 831 1025 880 locis
1054 830 1319 880 Pausaniae
1350 833 1483 883 labo·-

12 920 17 948 ς
43 904 47 907 ’
81 898 304 948 rantibus
329 897 737 948 medicamentum
774 917 799 948 a
831 899 1096 967 Sylburgio
1127 914 1344 967 paratum
1381 896 1493 952 non,

18 967 19 970 '
81 966 320 1018 adhibuit.
399 971 588 1018 Facias
615 966 744 1015 enim
774 969 907 1017 nulla
936 984 1132 1035 praeter
1165 970 1482 1021 Kuhnianam

12 1045 33 1106 g
79 1053 200 1086 usus
233 1052 304 1086 est
325 1035 565 1099 editione,
603 1052 805 1104 eamque
837 1036 901 1087 ob
929 1058 1121 1088 causam
1155 1039 1343 1106 saepius
1375 1042 1484 1090 vul-

13 1126 23 1149 ÷‘
74 1120 238 1176 ’getam
267 1107 532 1156 lectionem
572 1123 673 1154 esse
708 1106 853 1167 dixit,
889 1108 1025 1174 quod
1061 1110 1112 1156 in
1151 1111 1252 1158 sola
1284 1109 1481 1159 Kuhnii

80 1173 293 1225 editione
314 1175 514 1243 legitur-3
551 1175 703 1225 veluti
724 1175 762 1237 I,
791 1179 869 1238 17,
892 1183 938 1228 2.
974 1185 1064 1240 23,
1083 1182 1159 1229 11.
1233 1178 1366 1226 Idem
1390 1179 1481 1227 Fa·-

77 1244 158 1295 cio
181 1244 390 1310 objecit,
427 1245 621 1312 alioque
646 1246 864 1311 exemplo
900 1240 1126 1312 prbhavit
1160 1246 1349 1296 Clavier
1372 1248 1430 1297 T.
1453 1250 1478 1299 I

75 1330 126 1382 p.
156 1313 231 1364 IV
256 1330 325 1382 sq.
394 1347 397 1350 -
429 1314 504 1362 Ac
541 1318 777 1363 Kulznias
810 1313 912 1379 ipse
944 1317 1092 1381 quod
1114 1319 1175 1365 de
1219 1333 1267 1365 se
1295 1335 1479 1383 suaque

76 1382 340 1433 Pausaniae
365 1382 575 1432 editione
605 1381 656 1430 in
679 1383 978 1448 praefatione
1010 1388 1256 1434 confessus
1278 1400 1364 1447 est,
1404 1386 1476 1435 di-

148 1470 230 1501 um
252 1452 444 1502 videtur
474 1449 609 1517 quod
646 1454 907 1501 referatur:
944 1467 1105 1502 narrat
1137 1455 1263 1502 enim
1288 1474 1337 1503 se
1359 1473 1383 1503 a
1404 1457 1478 1504 hi-

74 1519 292 1589 bliopola
311 1520 552 1586 Lipsiensi
571 1519 631 1568 ad
648 1521 932 1570 Pausaniam
954 1541 1077 1573 nova
1103 1536 1233 1572 veste
1266 1525 1477 1573 induen-

75 1590 194 1640 dum
211 1605 447 1657 rogatum
469 1591 569 1637 esse
590 1589 873 1657 symbolam.
946 1591 1009 1641 Se
1029 1606 1189 1641 autem
1212 1605 1328 1642 tunc
1355 1607 1475 1641 tem-

1 1679 9 1695 ,‹
71 1659 208 1728 poris
229 1658 291 1708 de
310 1658 542 1708 Pausania
564 1659 711 1724 plane
733 1677 956 1709 securum
978 1663 1192 1710 oblatum
1221 1662 1473 1731 negotium

0 1738 13 1797 [g
74 1730 283 1794 abjicere
309 1729 546 1792 voluisse3
568 1742 789 1776 .mutasse
810 1743 969 1779 tamen
999 1729 1278 1792 eonsilium,
1316 1749 1471 1797 quum

72 1813 268 1866 praeter
308 1798 822 1863 omnem‘opinionem
850 1798 1206 1865 supervenisset
1234 1801 1471 1849 Aldinum

0 1868 23 1930 Ξ,
44 1865 46 1867 ’
74 1868 340 1916 Pausaniae
352 1867 595 1932 exemplar
614 1865 757 1929 illud,
779 1870 913 1933 quod
933 1870 1050 1917 olim
1071 1870 1266 1918 triverat
1283 1874 1472 1920 Casan-

73 1939 244 1998 bonus,
284 1939 332 1983 et
353 1936 479 1984 inter
497 1935 759 2004 legendum
778 1956 879 1985 non
900 1938 1139 2005 margines
1160 1950 1362 2001 tantum,
1386 1956 1468 1989 ve—

71 2024 186 2055 rum
211 2009 424 2055 frontem
446 2006 585 2053 etiam
617 2003 893 2072 calcemque
912 2007 1021 2055 libri
1042 2025 1187 2055 manu
1216 2026 1301 2056 sua
1335 2027 1469 2057 com-

0 2072 10 2077 ”
54 2075 300 2143 ῬΙβνεΓαῐ.
381 2074 640 2140 Accepisse
681 2089 840 2123 autem
876 2074 998 2125 illud
1038 2077 1223 2127 Parisiis
1249 2075 1469 2143 Lipsien-

15 2152 17 2154 ’
74 2163 178 2193 sem
199 2143 518 2210 bibliopolam
545 2163 571 2192 a
594 2148 948 2207 Bourdelotio,
994 2159 1049 2195 ut
1071 2164 1184 2194 cum
1210 2146 1336 2195 notis
1368 2163 1466 2194 ma·

0 2219 7 2239 ’-
72 2213 333 2279 nuscriptis
373 2213 616 2262 edendum
656 2226 862 2262 cin-aret.
952 2213 1047 2264 Hic
1084 2231 1154 2264 est
1182 2214 1264 2264 ille
1303 2220 1468 2264 Codex

77 2284 364 2337 Casauboni
383 2283 434 2330 in
450 2280 642 2330 Kuhnii
660 2281 794 2331 notis
827 2301 917 2349 per
938 2284 990 2332 C.
1015 2286 1066 2333 Css
1089 2284 1341 2332 indicatus.
1364 2283 1465 2333 vJo-

73 2368 225 2400 annes
255 2350 600 2401 Bourdelotius
630 2352 731 2417 ipse
759 2352 810 2400 in
841 2353 1057 2402 animum
1085 2352 1339 2402 induxerat
1357 2371 1464 2402 suas

0 2429 5 2488 j.
73 2420 334 2469 Pausaniae
371 2438 507 2469 ouras
547 2418 856 2486 impendere,
912 2441 1028 2489 quas
1069 2441 1180 2470 eum
1212 2422 1461 2488 postea-C.

0 2508 1 2511 ’
58 2486 382 2540 ’Βᾶτῑὴίιιεὶῐι
412 2490 919 2539 Animadversionihus
949 2492 1010 2540 ad
1032 2491 1240 2539 Statium
1263 2491 1321 2540 Τ.
1345 2490 1394 2540 II
1414 2511 1460 2558 p.

1 2578 7 2589 ·
75 2563 178 2611 623
196 2558 271 2609 his
302 2560 459 2609 verbis
493 2560 737 2626 poposcit:
809 2560 979 2622 „Haec
1017 2559 1293 2622 Pausanias,
1344 2561 1459 2607 seri—

0 2682 1 2685 *
73 2640 186 2693 ptor
196 2628 405 2693 optimus
422 2644 469 2677 et
484 2627 757 2677 utilissimus
768 2630 983 2694 poeticae
994 2630 1313 2696 antiquaeque
1327 2629 1460 2677 omni

72 2695 301 2763 lectioni3
335 2699 505 2747 melior
522 2712 685 2760 tamen
703 2699 918 2762 futurus,
953 2697 993 2746 si
1016 2699 1068 2748 in
1100 2716 1213 2746 eum
1236 2715 1345 2747 suas
1367 2716 1456 2746 no-

1113 2787 1139 2815 c
1156 2774 1179 2800 *
