1708 3086
473 212 511 254 A
538 212 602 252 n*
631 213 686 257 L.
742 216 782 261 1,
843 220 876 259 c
903 221 940 263 A
965 225 1034 268 P:
1078 229 1292 278 XXVII.
1501 247 1560 290 ογ

265 324 310 382 5.
341 329 382 372 6.
413 321 655 383 ἀνδριάντες
678 333 779 378 εἰσὶν
794 334 920 390 ἐντὸς,
947 336 1012 391 οἷς
1021 341 1255 396 ἐμαντεύετο
1280 354 1468 414 Τολμίδη,
1483 363 1556 407 καὶ

151 378 275 432 αὐτᾶς
298 386 496 439 Τολμίδης
507 387 689 442 Vulgata.
720 397 918 450 Τολμίδης
939 413 1015 451 pro
1043 404 1220 465 Τολμίδῃ
1238 401 1491 457 Camerarius
1511 428 1553 461 et

146 441 400 494 Hartungius
412 445 643 488 voluerunt.
655 450 841 494 Kuhnius
853 456 1045 507 conjecit:
1056 457 1272 517 ”Ενδοιος,
1283 466 1329 518 ὃς
1338 471 1551 523 ἐμαντεύε-

145 514 194 541 το
216 502 392 559 Τολμίδῃ
400 501 454 541 fin
459 499 553 553 gens
562 519 710 549 nomen
719 512 832 562 vatis,
846 526 927 566 quo
936 528 1032 555 usus
1041 518 1094 558 sit
1105 519 1308 564 Tolmides
1319 542 1330 577 3
1349 529 1496 573 Triller
1504 536 1548 576 in

146 557 319 597 Observ.
341 559 429 598 crit.
451 560 481 609 Ι,
504 565 531 604 7
550 562 709 617 ἔνθεος,
730 565 776 617 ὃς
797 569 858 624 ἐμ.
886 575 1042 632 Τομίδῃ
1055 587 1177 629 vateS,
1198 584 1290 636 φή,-
1318 585 1547 633 Lobeckius

143 615 186 654 in
209 615 344 655 indice
367 617 589 660 lectionum
607 625 700 663 anni
722 629 833 673 1816
850 625 1057 684 μάντεως,
1098 631 1144 684 ὃς
1170 637 1232 708 ἐμ.
1272 644 1452 703 Τολμίδῃ.
1494 650 1543 690 O.

141 671 315 713 Mueller
338 674 388 713 de
406 675 590 718 Minerva
613 681 778 724 Poliade
803 699 843 738 p.
866 691 923 732 32
972 686 1138 745 μάντις,
1181 693 1226 743 ὃς
1262 698 1320 750 ἐμ.
1357 705 1479 753 Τολμ’
1532 741 1542 751 .

68 806 70 809 ·
139 787 390 829 Schneidero
423 792 569 834 citatus
601 798 837 854 Θεαίνετος,
881 799 928 852 ὃς
957 805 1089 858 ἐμαντ.
1130 812 1306 867 Τολμίδῃ
1335 830 1356 855 e
1375 817 1543 874 Thucy-

137 845 235 886 dide
262 846 331 897 ΠΙ,
350 851 418 892 20.
438 850 584 892 Facius
605 854 739 908 ἐντὸς,
771 855 832 908 οἷς
853 863 1186 918 συνεστρατεύετο
1212 873 1417 928 Τολμίδης.
1448 878 1542 918 Gla-

135 903 228 943 vier
246 910 382 944 autem
414 908 561 949 edidit:
591 907 832 966 ἀνδριάντες
847 918 947 960 εἰσὶν
981 923 1001 944 *
1023 921 1158 975 ἐντὸς,
1175 928 1196 950 *
1228 924 1274 976 ὃς
1301 930 1541 982 ἐμαντεύετο

140 962 328 1015 Τολμίδῃ.
341 964 626 1019 Goldhagenus
646 973 793 1012 vertit:
824 989 878 1014 an
897 973 982 1016 dem
993 976 1234 1035 Fussgestell
1249 988 1302 1025 ist
1321 986 1399 1028 clas
1409 989 1542 1031 Bild-

131 1020 218 1061 nise
238 1017 625 1078 daes‘Wahrsager3,*
652 1026 727 1069 den
753 1030 958 1073 Tolmicles
971 1050 1022 1075 zu
1043 1035 1181 1079 Rathe
1204 1057 1293 1096 zog.
1323 1047 1407 1086 Nos
1434 1052 1540 1090 sori·-

98 1075 286 1129 -psimus
305 1073 548 1133 ἀνδριάντες
575 1085 704 1137 εἰσὶν,
744 1086 859 1138 ἐκτὸς
888 1087 933 1140 ὃς
963 1093 1199 1143 ἐμαντεύετο
1231 1103 1426 1161 Τολμίδῃ,
1465 1109 1539 1151 καὶ

130 1127 257 1183 αύτός
294 1137 516 1191 Τολμίδης,
547 1142 732 1184 codicem
751 1145 924 1186 vindob.
946 1154 1127 1203 sequuti,
1157 1155 1201 1195 in
1227 1171 1307 1210 quo
1329 1169 1390 1200 est
1411 1162 1536 1215 ἐκτός.

129 1188 183 1230 In
212 1189 302 1231 basi
331 1194 452 1235 etiam
478 1206 635 1239 statuae
660 1212 774 1252 sunt,
813 1216 972 1258 praeter
990 1225 1095 1259 eum,
1139 1215 1211 1267 qui
1239 1219 1538 1263 vaticinabatur

132 1246 369 1299 Tolmidae,
401 1262 439 1299 et
465 1254 548 1306 ipse
567 1255 784 1300 Tolmides.
813 1262 969 1303 Rursus
988 1264 1102 1315 ἐντὸς
1117 1269 1162 1308 in
1191 1270 1303 1321 ἐκτὸς
1334 1276 1535 1329 deprava-

127 1310 217 1344 tum
244 1306 359 1347 vides
377 1306 444 1359 VI,
463 1314 533 1362 20,
555 1317 596 1357 2.
615 1313 731 1366 ἐκτὸς
751 1332 829 1370 pro
850 1317 965 1370 ἐντὸς
994 1323 1213 1367 Amasaeus
1243 1330 1352 1382 legit'
1372 1335 1439 1386 IV,
1462 1343 1532 1389 23,

125 1363 166 1406 5.
195 1363 348 1404 Eadem
366 1367 583 1422 utriusque
602 1375 718 1413 vocis
739 1377 925 1416 confusio
946 1386 1007 1419 est
1037 1382 1189 1424 Herod.
1216 1386 1284 1436 HI,
1318 1395 1386 1434 80.
1417 1395 1534 1446 ἐκτὸς

122 1430 282 1473 praeter
312 1423 546 1475 significans
568 1437 629 1469 est
649 1431 693 1470 in
710 1432 899 1488 Xenoph.
925 1436 1082 1478 Hellen.
1103 1442 1136 1491 Ι,
1159 1448 1198 1494 2,
1229 1449 1255 1487 2
1289 1443 1533 1495 ἀπέκτειναν

124 1473 502 1534 ἅπαντας-ἐκτός
526 1480 688 1542 ὀλίγων.
707 1490 763 1529 ib.
787 1495 827 1543 6,
846 1497 903 1536 24
925 1489 1138 1540 ἀπώλοντο
1158 1505 1319 1553 νῆες-
1332 1505 1442 1558 ἐκτὸς
1474 1506 1529 1552 ὅ-

121 1534 264 1589 λίγων.
296 1537 510 1581 Caeterum
524 1539 569 1582 ln'
586 1541 827 1599 ἀνδριάντες
841 1551 885 1589 in
905 1551 999 1591 basi·
1020 1554 1186 1597 illorum
1217 1560 1532 1608 simulacrorum

120 1589 233 1633 haud
251 1593 374 1635 dubie
394 1596 560 1640 fuerunt
579 1603 729 1659 effigies
743 1606 785 1644 in
799 1604 928 1660 plano
963 1609 1154 1663 elevatae,
1195 1619 1304 1668 quod
1338 1621 1529 1666 Martinio

121 1661 286 1704 quelque
305 1653 521 1706 probabile
542 1659 676 1699 visum
699 1668 770 1701 est.
801 1678 821 1700 n
835 1663 899 1704 On
920 1680 943 1704 a
960 1668 1078 1719 place
1095 1685 1166 1711 sur
1181 1686 1236 1713 un
1259 1677 1457 1727 piedestal
1484 1684 1527 1723 la

116 1713 282 1748 statue«
340 1711 524 1766 Clavier3
583 1719 744 1771 »Sopra
771 1734 828 1759 un
853 1723 1093 1775 piedestallo
1119 1744 1219 1769 sono
1239 1734 1340 1775 altre
1362 1744 1527 1780 statue«

117 1764 279 1819 Nibby;
310 1769 425 1810 male.
462 1769 689 1826 Tolmides,
724 1777 906 1819 Tolmaei
935 1781 1067 1833 filius,
1098 1786 1325 1839 Myronidis
1359 1795 1526 1840 laudem

117 1824 322 1864 aemulans
342 1824 416 1866 has
433 1842 500 1868 res
525 1833 648 1882 gessit
669 1834 909 1889 Olympiade
924 1839 1109 1881 LXXXI.
1136 1846 1191 1884 De
1207 1845 1352 1902 Gythio
1363 1853 1429 1903 ΠΙ,
1450 1860 1523 1899 21.

115 1879 230 1920 Idem
250 1882 460 1925 Tolmidae
482 1887 623 1940 Gythii
642 1891 741 1932 fecit
765 1893 1053 1948 Philopoemen
1091 1901 1194 1951 VIH,
1226 1907 1293 1954 50,
1326 1910 1365 1952 5.
1393 1911 1524 1964 Βοιὰς

112 1951 192 1991 pro
203 1937 392 1994 Εὔβοιαν
413 1956 506 1982 cum
524 1945 737 1989 clavierio.
767 1949 903 1992 Boeae
920 1954 963 1993 in
988 1956 1422 2007 Eleutherolacunibus
1439 1985 1520 2023 po-

112 2002 201 2035 stoa
218 1996 396 2039 fuerunt.
412 2001 482 2050 ΙΙΙ,
504 2006 574 2054 21,
597 2008 636 2049 6.
663 2007 949 2061 Goldhagenus
973 2015 1219 2067 conjecerat:
1259 2023 1327 2063 καὶ
1355 2023 1404 2065 τὰ
1435 2032 1521 2070 ταῖν

106 2054 355 2108 περιοίκων·
386 2056 575 2112 Εὔβοιάν
605 2079 657 2106 τε.
697 2065 744 2104 In
773 2066 902 2120 Mosq.
931 2076 992 2109 est
1024 2067 1226 2127 Εὖβοίας.
1269 2077 1518 2139 Euboiaeque

107 2112 324 2165 proximas
341 2114 390 2154 D.
418 2116 575 2158 Calder.
607 2121 664 2161 De
681 2121 988 2167 Atheniensium
1006 2128 1249 2186 κληρούχοις
1267 2143 1306 2175 et
1320 2159 1325 2161 -
1339 2145 1518 2193 κληρου-

108 2169 218 2221 χίαις
237 2169 355 2211 Diod.
376 2173 454 2213 Sic.
474 2175 562 2226 XV,
583 2181 638 2222 28
664 2185 705 2219 et
725 2180 782 2220 ibi
814 2182 982 2224 Wessel.
1017 2188 1284 2240 Spanhemius
1314 2196 1366 2234 ad
1389 2199 1514 2239 Arist.

107 2225 214 2265 Nub.
234 2231 331 2273 208.
353 2229 489 2271 Schol.
515 2233 637 2287 Soph.
661 2237 721 2291 Aj.
742 2240 840 2284 508.
857 2236 1066 2296 ε’Λλιιιιρτιῖοι
1087 2248 1172 2286 scil.
1194 2246 1316 2303 χώρα,
1337 2260 1385 2292 ut
1404 2257 1514 2307 apud
1582 2292 1585 2294 μ

105 2283 286 2324 Suidam.
318 2286 511 2329 Similiter
541 2293 591 2342 X,
611 2296 680 2345 35,
705 2300 744 2339 2.
773 2296 845 2347 ΙΧ,
869 2303 935 2351 18,
959 2306 997 2344 3.
1029 2307 1094 2351 16,
1125 2309 1163 2347 4.
1193 2306 1277 2356 VII,
1310 2315 1349 2359 8,
1385 2316 1420 2354 1.
1452 2315 1512 2354 De

104 2338 186 2380 hac
196 2340 500 2386 Atheniensium
525 2350 638 2389 clade
655 2358 695 2391 et
706 2354 914 2396 Tolmidae
934 2358 1102 2400 interitu
1113 2361 1273 2416 Olymp.
1287 2367 1511 2423 LXXXIII,

105 2401 137 2442 2
153 2398 271 2439 Diod.
294 2402 333 2439 S.
358 2403 448 2454 XII,
476 2409 514 2450 6.
539 2407 666 2448 Thuc.
687 2410 718 2461 I,
745 2416 839 2458 113.

221 2456 264 2511 ff.
295 2462 334 2501 7.
366 2459 532 2517 ἐπέλαβε
555 2463 632 2520 γὰρ
656 2469 724 2510 καὶ
744 2469 872 2524 Mosq.
891 2486 985 2512 nam
1005 2475 1052 2513 D.
1078 2476 1235 2517 Calder.
1257 2477 1358 2522 ἔπέλ.
1385 2482 1428 2523 δὲ
1440 2483 1510 2527 καὶ

103 2511 222 2566 Vulg.
246 2515 410 2559 ἔπέλαυε
430 2534 507 2572 pro
527 2523 694 2579 ἐπέλαβε
710 2526 838 2567 Vatic.
859 2525 885 2582 ἡ
904 2528 1007 2580 φλὸξ
1029 2534 1198 2587 ἐπέλαβε
1226 2536 1304 2574 fuit
1333 2539 1450 2579 etiam
1472 2542 1505 2591 Ι,

104 2575 175 2621 20,
209 2575 245 2614 1.
285 2572 368 2612 Pro
391 2578 499 2629 vulg.
538 2581 665 2633 σαφὲς
700 2582 824 2627 οὐδὲν
855 2585 947 2629 οἶδα
982 2595 1042 2627 est
1068 2596 1212 2641 σαφῶς
1241 2588 1319 2635 ούκ
1351 2594 1443 2638 οἶδα
1464 2599 1507 2638 in

104 2628 277 2668 vindob.
306 2631 386 2670 Sed
403 2634 531 2676 simile
553 2646 613 2678 est
633 2635 752 2683 οὐδὲν
771 2644 845 2695 ἔχω
868 2644 995 2695 σαφὲς
1018 2648 1144 2690 εἰπεῖν
1168 2653 1235 2700 28,
1261 2657 1294 2692 1.
1315 2653 1393 2692 Pro
1422 2652 1507 2697 Κύ-

101 2702 202 2735 κνος
219 2693 280 2726 est
300 2687 452 2739 μυκλός
471 2694 511 2733 in
540 2695 668 2736 Vatic.
690 2699 762 2738 sed
783 2698 935 2748 πυκνὸς
960 2703 1003 2741 iu
1022 2706 1214 2757 margine.
1246 2709 1304 2748 De
1325 2709 1404 2749 hoc
1419 2711 1505 2768 Cy-

102 2759 178 2783 cno
197 2745 363 2784 Hesiodi
382 2749 491 2790 Scut.
512 2755 569 2796 57
591 2769 650 2808 sq.
672 2759 769 2801 358.
791 2762 889 2802 380.
919 2761 1003 2803 474
1039 2775 1125 2817 sqq.
1155 2762 1227 2807 τὸν
1259 2764 1352 2820 post
1378 2785 1502 2812 ποτα-

147 2815 197 2847 ad
221 2815 316 2847 Tom.
341 2815 374 2848 Ῑ.
1166 2835 1189 2853 ⁰

1164 2852 1187 2876 fa}
