<?xml version="1.0" encoding="UTF-8"?>
<!DOCTYPE html PUBLIC "-//W3C//DTD XHTML 1.0 Transitional//EN"
    "http://www.w3.org/TR/xhtml1/DTD/xhtml1-transitional.dtd">
<html xmlns="http://www.w3.org/1999/xhtml" xml:lang="en" lang="en">
 <head>
  <title>
</title>
<meta http-equiv="Content-Type" content="text/html;charset=utf-8" />
  <meta name='ocr-system' content='tesseract 3.04.00' />
  <meta name='ocr-capabilities' content='ocr_page ocr_carea ocr_par ocr_line ocrx_word'/>
</head>
<body>
  <div class='ocr_page' id='page_1' title='image "./pausaniaegraecia01pausuoft_0025.png"; bbox 0 0 1708 3086; ppageno 0'>
   <div class='ocr_carea' id='block_1_1' title="bbox 591 218 1479 258">
    <p class='ocr_par' dir='ltr' id='par_1_1' title="bbox 591 218 1479 258">
     <span class='ocr_line' id='line_1_1' title="bbox 591 218 1479 258; baseline 0.003 -3"><span class='ocrx_word' id='word_1_1' title='bbox 591 218 975 257; x_wconf 64' lang='lat' dir='ltr'><strong>PRAEFATIO·</strong></span> <span class='ocrx_word' id='word_1_2' title='bbox 1389 226 1479 258; x_wconf 69' lang='lat' dir='ltr'>XXX</span> 
     </span>
    </p>
   </div>
   <div class='ocr_carea' id='block_1_2' title="bbox 12 280 1524 384">
    <p class='ocr_par' dir='ltr' id='par_1_2' title="bbox 12 280 1524 384">
     <span class='ocr_line' id='line_1_2' title="bbox 12 280 1524 384; baseline 0.001 -11"><span class='ocrx_word' id='word_1_3' title='bbox 12 280 34 346; x_wconf 32' lang='lat'>¹.</span> <span class='ocrx_word' id='word_1_4' title='bbox 85 321 177 372; x_wconf 72' lang='lat' dir='ltr'>der</span> <span class='ocrx_word' id='word_1_5' title='bbox 222 318 558 376; x_wconf 81' lang='lat' dir='ltr'>Deutlichkeit</span> <span class='ocrx_word' id='word_1_6' title='bbox 586 320 673 372; x_wconf 84' lang='lat' dir='ltr'>hat</span> <span class='ocrx_word' id='word_1_7' title='bbox 706 321 962 371; x_wconf 71' lang='lat' dir='ltr'>Pausanias</span> <span class='ocrx_word' id='word_1_8' title='bbox 1000 319 1166 384; x_wconf 77' lang='lat' dir='ltr'>nicht3</span> <span class='ocrx_word' id='word_1_9' title='bbox 1211 323 1312 373; x_wconf 84' lang='lat' dir='ltr'>sein</span> <span class='ocrx_word' id='word_1_10' title='bbox 1350 323 1478 374; x_wconf 88' lang='lat' dir='ltr'>Aus-</span> <span class='ocrx_word' id='word_1_11' title='bbox 1521 329 1524 331; x_wconf 79' lang='grc'><strong>’</strong></span> 
     </span>
    </p>
   </div>
   <div class='ocr_carea' id='block_1_3' title="bbox 5 391 1478 600">
    <p class='ocr_par' dir='ltr' id='par_1_3' title="bbox 5 391 1478 598">
     <span class='ocr_line' id='line_1_3' title="bbox 7 391 1478 462; baseline 0.002 -21"><span class='ocrx_word' id='word_1_12' title='bbox 7 392 22 458; x_wconf 48' lang='lat'>35:</span> <span class='ocrx_word' id='word_1_13' title='bbox 84 391 276 445; x_wconf 81' lang='lat' dir='ltr'>druck</span> <span class='ocrx_word' id='word_1_14' title='bbox 263 405 324 440; x_wconf 76' lang='lat' dir='ltr'>ist</span> <span class='ocrx_word' id='word_1_15' title='bbox 345 391 514 440; x_wconf 86' lang='lat' dir='ltr'>immer</span> <span class='ocrx_word' id='word_1_16' title='bbox 536 411 590 442; x_wconf 91' lang='lat' dir='ltr'>so</span> <span class='ocrx_word' id='word_1_17' title='bbox 610 408 930 459; x_wconf 83' lang='lat' dir='ltr'>gezwungen‚</span> <span class='ocrx_word' id='word_1_18' title='bbox 963 392 1134 458; x_wconf 82' lang='lat' dir='ltr'>geschr</span> <span class='ocrx_word' id='word_1_19' title='bbox 1139 395 1254 441; x_wconf 83' lang='lat' dir='ltr'>aubt</span> <span class='ocrx_word' id='word_1_20' title='bbox 1275 394 1375 442; x_wconf 82' lang='lat' dir='ltr'>und</span> <span class='ocrx_word' id='word_1_21' title='bbox 1395 414 1478 462; x_wconf 85' lang='lat' dir='ltr'>ge-</span> 
     </span>
     <span class='ocr_line' id='line_1_4' title="bbox 81 460 1478 530; baseline 0.003 -20.755"><span class='ocrx_word' id='word_1_22' title='bbox 81 475 283 528; x_wconf 71' lang='lat' dir='ltr'>spannt,</span> <span class='ocrx_word' id='word_1_23' title='bbox 331 462 438 512; x_wconf 86' lang='lat' dir='ltr'>dass</span> <span class='ocrx_word' id='word_1_24' title='bbox 465 481 574 510; x_wconf 89' lang='lat' dir='ltr'>man</span> <span class='ocrx_word' id='word_1_25' title='bbox 608 464 678 510; x_wconf 88' lang='lat' dir='ltr'>oft</span> <span class='ocrx_word' id='word_1_26' title='bbox 712 462 834 509; x_wconf 73' lang='lat' dir='ltr'>uber</span> <span class='ocrx_word' id='word_1_27' title='bbox 869 460 962 508; x_wconf 88' lang='lat' dir='ltr'>den</span> <span class='ocrx_word' id='word_1_28' title='bbox 998 461 1319 530; x_wconf 70' lang='lat' dir='ltr'>cigentlichen</span> <span class='ocrx_word' id='word_1_29' title='bbox 1352 466 1478 515; x_wconf 80' lang='lat' dir='ltr'>Sinn</span> 
     </span>
     <span class='ocr_line' id='line_1_5' title="bbox 5 530 1477 600; baseline 0.005 -22"><span class='ocrx_word' id='word_1_30' title='bbox 5 534 22 592; x_wconf 52' lang='grc' dir='ltr'><em>ᾖ</em></span> <span class='ocrx_word' id='word_1_31' title='bbox 79 531 311 598; x_wconf 72' lang='lat' dir='ltr'>verlegen</span> <span class='ocrx_word' id='word_1_32' title='bbox 341 531 414 580; x_wconf 89' lang='lat' dir='ltr'>ist.</span> <span class='ocrx_word' id='word_1_33' title='bbox 420 536 473 579; x_wconf 25' lang='lat' dir='ltr'>“s</span> <span class='ocrx_word' id='word_1_34' title='bbox 507 546 555 581; x_wconf 86' lang='lat' dir='ltr'>et</span> <span class='ocrx_word' id='word_1_35' title='bbox 582 531 786 580; x_wconf 85' lang='lat' dir='ltr'>Mauso</span> <span class='ocrx_word' id='word_1_36' title='bbox 774 550 824 579; x_wconf 77' lang='lat' dir='ltr'>in</span> <span class='ocrx_word' id='word_1_37' title='bbox 858 530 1146 582; x_wconf 87' lang='lat' dir='ltr'>Versuchen</span> <span class='ocrx_word' id='word_1_38' title='bbox 1178 534 1296 581; x_wconf 76' lang='lat' dir='ltr'>uber</span> <span class='ocrx_word' id='word_1_39' title='bbox 1320 533 1477 600; x_wconf 84' lang='lat' dir='ltr'>einige</span> 
     </span>
    </p>
   </div>
   <div class='ocr_carea' id='block_1_4' title="bbox 0 595 1480 736">
    <p class='ocr_par' dir='ltr' id='par_1_4' title="bbox 0 595 1480 736">
     <span class='ocr_line' id='line_1_6' title="bbox 0 595 1480 668; baseline 0.004 -22"><span class='ocrx_word' id='word_1_40' title='bbox 0 599 10 659; x_wconf 65' lang='lat'>23&gt;</span> <span class='ocrx_word' id='word_1_41' title='bbox 80 595 424 667; x_wconf 70' lang='lat' dir='ltr'>Gegenstande</span> <span class='ocrx_word' id='word_1_42' title='bbox 451 620 536 650; x_wconf 87' lang='lat' dir='ltr'>aus</span> <span class='ocrx_word' id='word_1_43' title='bbox 559 601 645 650; x_wconf 88' lang='lat' dir='ltr'>der</span> <span class='ocrx_word' id='word_1_44' title='bbox 667 601 722 648; x_wconf 94' lang='lat' dir='ltr'>M</span> <span class='ocrx_word' id='word_1_45' title='bbox 724 599 973 668; x_wconf 81' lang='lat' dir='ltr'>ythologie</span> <span class='ocrx_word' id='word_1_46' title='bbox 997 621 1042 666; x_wconf 82' lang='lat' dir='ltr'>p.</span> <span class='ocrx_word' id='word_1_47' title='bbox 1074 606 1174 653; x_wconf 81' lang='lat'>377</span> <span class='ocrx_word' id='word_1_48' title='bbox 1211 601 1480 667; x_wconf 72' lang='lat' dir='ltr'>scripsenit:</span> 
     </span>
     <span class='ocr_line' id='line_1_7' title="bbox 0 668 1476 736; baseline 0 -17"><span class='ocrx_word' id='word_1_49' title='bbox 0 701 14 736; x_wconf 86' lang='lat'>.·</span> <span class='ocrx_word' id='word_1_50' title='bbox 78 670 399 734; x_wconf 81' lang='lat' dir='ltr'>„Pausanias</span> <span class='ocrx_word' id='word_1_51' title='bbox 386 683 447 718; x_wconf 81' lang='lat' dir='ltr'>ist</span> <span class='ocrx_word' id='word_1_52' title='bbox 464 670 684 722; x_wconf 86' lang='lat' dir='ltr'>ohnehin</span> <span class='ocrx_word' id='word_1_53' title='bbox 704 687 758 718; x_wconf 90' lang='lat' dir='ltr'>so</span> <span class='ocrx_word' id='word_1_54' title='bbox 792 671 890 719; x_wconf 90' lang='lat' dir='ltr'>voll</span> <span class='ocrx_word' id='word_1_55' title='bbox 926 668 1138 718; x_wconf 74' lang='lat' dir='ltr'>scliieler</span> <span class='ocrx_word' id='word_1_56' title='bbox 1166 671 1377 719; x_wconf 84' lang='lat' dir='ltr'>Ausd1u</span> <span class='ocrx_word' id='word_1_57' title='bbox 1383 673 1476 735; x_wconf 54' lang='lat' dir='ltr'>ke,</span> 
     </span>
    </p>
   </div>
   <div class='ocr_carea' id='block_1_5' title="bbox 67 711 1478 791">
    <p class='ocr_par' dir='ltr' id='par_1_5' title="bbox 67 711 1478 791">
     <span class='ocr_line' id='line_1_8' title="bbox 67 711 1478 791; baseline -0.001 -0.992"><span class='ocrx_word' id='word_1_58' title='bbox 67 738 186 790; x_wconf 76' lang='lat' dir='ltr'>dass</span> <span class='ocrx_word' id='word_1_59' title='bbox 197 758 309 788; x_wconf 89' lang='lat' dir='ltr'>man</span> <span class='ocrx_word' id='word_1_60' title='bbox 330 738 437 788; x_wconf 87' lang='lat' dir='ltr'><strong>ihre</strong></span> <span class='ocrx_word' id='word_1_61' title='bbox 446 741 575 789; x_wconf 83' lang='lat' dir='ltr'>Zahl</span> <span class='ocrx_word' id='word_1_62' title='bbox 586 760 646 789; x_wconf 89' lang='lat' dir='ltr'>zu</span> <span class='ocrx_word' id='word_1_63' title='bbox 660 738 950 790; x_wconf 84' lang='lat' dir='ltr'>vermehren</span> <span class='ocrx_word' id='word_1_64' title='bbox 963 739 1099 787; x_wconf 84' lang='lat' dir='ltr'>nicht</span> <span class='ocrx_word' id='word_1_65' title='bbox 1115 740 1330 788; x_wconf 87' lang='lat' dir='ltr'>Ursache</span> <span class='ocrx_word' id='word_1_66' title='bbox 1344 740 1439 791; x_wconf 87' lang='lat' dir='ltr'>hat.</span> <span class='ocrx_word' id='word_1_67' title='bbox 1445 711 1478 773; x_wconf 65' lang='grc' dir='ltr'>(Ξ</span> 
     </span>
    </p>
   </div>
   <div class='ocr_carea' id='block_1_6' title="bbox 75 800 1477 876">
    <p class='ocr_par' dir='ltr' id='par_1_6' title="bbox 0 800 1477 878">
     <span class='ocr_line' id='line_1_9' title="bbox 75 800 1477 876; baseline -0.002 -16.152"><span class='ocrx_word' id='word_1_68' title='bbox 75 807 182 862; x_wconf 85' lang='lat' dir='ltr'>Nos</span> <span class='ocrx_word' id='word_1_69' title='bbox 202 828 478 876; x_wconf 85' lang='lat' dir='ltr'>quanquam</span> <span class='ocrx_word' id='word_1_70' title='bbox 492 800 836 876; x_wconf 81' lang='lat' dir='ltr'>Cappadocum</span> <span class='ocrx_word' id='word_1_71' title='bbox 858 808 995 875; x_wconf 83' lang='lat' dir='ltr'>gregi</span> <span class='ocrx_word' id='word_1_72' title='bbox 1013 809 1294 858; x_wconf 84' lang='lat' dir='ltr'>Pausaniam</span> <span class='ocrx_word' id='word_1_73' title='bbox 1315 812 1477 859; x_wconf 86' lang='lat' dir='ltr'>Perie-</span> 
     </span>
    </p>
   </div>
   <div class='ocr_carea' id='block_1_7' title="bbox 0 945 13 969">
    <p class='ocr_par' dir='ltr' id='par_1_7' title="bbox 0 945 13 969">
     <span class='ocr_line' id='line_1_10' title="bbox 0 945 13 969; baseline 0 0"><span class='ocrx_word' id='word_1_74' title='bbox 0 945 13 969; x_wconf 69' lang='lat' dir='ltr'>k&#39;</span> 
     </span>
    </p>
   </div>
   <div class='ocr_carea' id='block_1_8' title="bbox 3 879 1475 958">
    <p class='ocr_par' dir='ltr' id='par_1_8' title="bbox 3 879 1475 958">
     <span class='ocr_line' id='line_1_11' title="bbox 3 879 1475 958; baseline 0.001 -31.05"><span class='ocrx_word' id='word_1_75' title='bbox 3 892 230 958; x_wconf 70' lang='lat' dir='ltr'>getan</span> <span class='ocrx_word' id='word_1_76' title='bbox 249 879 562 927; x_wconf 87' lang='lat' dir='ltr'>inserendum</span> <span class='ocrx_word' id='word_1_77' title='bbox 585 897 687 927; x_wconf 89' lang='lat' dir='ltr'>non</span> <span class='ocrx_word' id='word_1_78' title='bbox 713 892 952 943; x_wconf 81' lang='lat' dir='ltr'>putamus,</span> <span class='ocrx_word' id='word_1_79' title='bbox 991 892 1149 927; x_wconf 86' lang='lat' dir='ltr'>tamen</span> <span class='ocrx_word' id='word_1_80' title='bbox 1174 898 1277 928; x_wconf 89' lang='lat' dir='ltr'>non</span> <span class='ocrx_word' id='word_1_81' title='bbox 1310 898 1475 931; x_wconf 88' lang='lat' dir='ltr'>sumus</span> 
     </span>
    </p>
   </div>
   <div class='ocr_carea' id='block_1_9' title="bbox 0 947 1473 1014">
    <p class='ocr_par' dir='ltr' id='par_1_9' title="bbox 0 947 1473 1014">
     <span class='ocr_line' id='line_1_12' title="bbox 0 947 1473 1014; baseline 0.001 -18"><span class='ocrx_word' id='word_1_82' title='bbox 0 962 14 1011; x_wconf 54' lang='lat' dir='ltr'>¹:ss</span> <span class='ocrx_word' id='word_1_83' title='bbox 73 962 126 1010; x_wconf 76' lang='lat'>11,</span> <span class='ocrx_word' id='word_1_84' title='bbox 147 965 234 1013; x_wconf 77' lang='lat' dir='ltr'>qui</span> <span class='ocrx_word' id='word_1_85' title='bbox 254 947 613 997; x_wconf 81' lang='lat' dir='ltr'>Hemsterhusii</span> <span class='ocrx_word' id='word_1_86' title='bbox 640 947 717 1005; x_wconf 87' lang='lat' dir='ltr'>(ad</span> <span class='ocrx_word' id='word_1_87' title='bbox 737 948 935 996; x_wconf 88' lang='lat' dir='ltr'>Lucian.</span> <span class='ocrx_word' id='word_1_88' title='bbox 976 948 1033 995; x_wconf 91' lang='lat' dir='ltr'>T.</span> <span class='ocrx_word' id='word_1_89' title='bbox 1060 949 1084 995; x_wconf 88' lang='lat' dir='ltr'>I</span> <span class='ocrx_word' id='word_1_90' title='bbox 1111 968 1158 1014; x_wconf 88' lang='lat' dir='ltr'>p.</span> <span class='ocrx_word' id='word_1_91' title='bbox 1180 958 1226 1000; x_wconf 88' lang='lat'>4.</span> <span class='ocrx_word' id='word_1_92' title='bbox 1246 950 1473 1011; x_wconf 79' lang='lat' dir='ltr'>Amstel.)</span> 
     </span>
    </p>
   </div>
   <div class='ocr_carea' id='block_1_10' title="bbox 73 1016 1473 1082">
    <p class='ocr_par' dir='ltr' id='par_1_10' title="bbox 0 1008 1473 1082">
     <span class='ocr_line' id='line_1_13' title="bbox 73 1016 1473 1082; baseline -0.003 -14.198"><span class='ocrx_word' id='word_1_93' title='bbox 73 1036 129 1068; x_wconf 78' lang='lat' dir='ltr'>ac</span> <span class='ocrx_word' id='word_1_94' title='bbox 155 1017 463 1069; x_wconf 84' lang='lat' dir='ltr'>Valckenarn</span> <span class='ocrx_word' id='word_1_95' title='bbox 480 1017 559 1082; x_wconf 91' lang='lat' dir='ltr'>(ad</span> <span class='ocrx_word' id='word_1_96' title='bbox 579 1018 682 1066; x_wconf 74' lang='lat' dir='ltr'>Hei</span> <span class='ocrx_word' id='word_1_97' title='bbox 673 1016 767 1066; x_wconf 87' lang='lat' dir='ltr'>od</span> <span class='ocrx_word' id='word_1_98' title='bbox 790 1018 901 1079; x_wconf 88' lang='lat' dir='ltr'>VII,</span> <span class='ocrx_word' id='word_1_99' title='bbox 926 1020 1015 1080; x_wconf 85' lang='lat'>50)</span> <span class='ocrx_word' id='word_1_100' title='bbox 1047 1016 1473 1069; x_wconf 83' lang='lat' dir='ltr'>animadversioni..</span> 
     </span>
    </p>
   </div>
   <div class='ocr_carea' id='block_1_11' title="bbox 0 1085 1475 1152">
    <p class='ocr_par' dir='ltr' id='par_1_11' title="bbox 0 1085 1475 1152">
     <span class='ocr_line' id='line_1_14' title="bbox 0 1085 1475 1152; baseline 0.003 -17.202"><span class='ocrx_word' id='word_1_101' title='bbox 0 1085 185 1151; x_wconf 81' lang='lat' dir='ltr'>bus,</span> <span class='ocrx_word' id='word_1_102' title='bbox 222 1090 535 1139; x_wconf 77' lang='lat' dir='ltr'>Pausaniam</span> <span class='ocrx_word' id='word_1_103' title='bbox 554 1091 718 1138; x_wconf 82' lang='lat' dir='ltr'>studio</span> <span class='ocrx_word' id='word_1_104' title='bbox 721 1107 774 1135; x_wconf 64' lang='lat' dir='ltr'>se</span> <span class='ocrx_word' id='word_1_105' title='bbox 796 1088 1063 1135; x_wconf 78' lang='lat' dir='ltr'>obsoletam</span> <span class='ocrx_word' id='word_1_106' title='bbox 1085 1093 1338 1152; x_wconf 74' lang='lat' dir='ltr'>quandam</span> <span class='ocrx_word' id='word_1_107' title='bbox 1358 1110 1405 1137; x_wconf 74' lang='lat' dir='ltr'>m</span> <span class='ocrx_word' id='word_1_108' title='bbox 1411 1109 1475 1139; x_wconf 83' lang='lat' dir='ltr'>a·</span> 
     </span>
    </p>
   </div>
   <div class='ocr_carea' id='block_1_12' title="bbox 0 1156 1491 1293">
    <p class='ocr_par' dir='ltr' id='par_1_12' title="bbox 0 1156 1491 1293">
     <span class='ocr_line' id='line_1_15' title="bbox 0 1156 1491 1238; baseline 0.001 -32"><span class='ocrx_word' id='word_1_109' title='bbox 0 1190 15 1223; x_wconf 33' lang='lat'>4⁷</span> <span class='ocrx_word' id='word_1_110' title='bbox 71 1159 225 1207; x_wconf 76' lang='lat' dir='ltr'>tionis</span> <span class='ocrx_word' id='word_1_111' title='bbox 247 1161 662 1238; x_wconf 78' lang='lat' dir='ltr'><em>compositionem,</em></span> <span class='ocrx_word' id='word_1_112' title='bbox 699 1173 785 1204; x_wconf 88' lang='lat' dir='ltr'>seu</span> <span class='ocrx_word' id='word_1_113' title='bbox 803 1156 963 1221; x_wconf 88' lang='lat' dir='ltr'>potius</span> <span class='ocrx_word' id='word_1_114' title='bbox 986 1160 1237 1206; x_wconf 78' lang='lat' dir='ltr'>interdum</span> <span class='ocrx_word' id='word_1_115' title='bbox 1259 1170 1491 1208; x_wconf 67' lang='lat' dir='ltr'>structa--</span> 
     </span>
     <span class='ocr_line' id='line_1_16' title="bbox 0 1226 1472 1293; baseline 0.005 -23"><span class='ocrx_word' id='word_1_116' title='bbox 0 1239 9 1270; x_wconf 56' lang='grc' dir='ltr'>ἑ</span> <span class='ocrx_word' id='word_1_117' title='bbox 71 1245 163 1277; x_wconf 68' lang='lat' dir='ltr'>rae</span> <span class='ocrx_word' id='word_1_118' title='bbox 190 1229 415 1276; x_wconf 82' lang='lat' dir='ltr'>rariores</span> <span class='ocrx_word' id='word_1_119' title='bbox 437 1247 542 1276; x_wconf 84' lang='lat' dir='ltr'>esse</span> <span class='ocrx_word' id='word_1_120' title='bbox 567 1238 824 1286; x_wconf 75' lang='lat' dir='ltr'>sectatum,</span> <span class='ocrx_word' id='word_1_121' title='bbox 862 1226 1197 1291; x_wconf 85' lang='lat' dir='ltr'>obloquamur.</span> <span class='ocrx_word' id='word_1_122' title='bbox 1271 1229 1338 1275; x_wconf 84' lang='lat' dir='ltr'>Ex</span> <span class='ocrx_word' id='word_1_123' title='bbox 1372 1246 1472 1293; x_wconf 84' lang='lat' dir='ltr'>quo</span> 
     </span>
    </p>
   </div>
   <div class='ocr_carea' id='block_1_13' title="bbox 58 1296 1469 1363">
    <p class='ocr_par' dir='ltr' id='par_1_13' title="bbox 58 1296 1469 1363">
     <span class='ocr_line' id='line_1_17' title="bbox 58 1296 1469 1363; baseline 0.005 -21"><span class='ocrx_word' id='word_1_124' title='bbox 58 1312 251 1363; x_wconf 74' lang='lat' dir='ltr'>genere</span> <span class='ocrx_word' id='word_1_125' title='bbox 271 1310 384 1345; x_wconf 84' lang='lat' dir='ltr'>sunt</span> <span class='ocrx_word' id='word_1_126' title='bbox 404 1296 443 1358; x_wconf 87' lang='lat' dir='ltr'>I,</span> <span class='ocrx_word' id='word_1_127' title='bbox 463 1303 533 1347; x_wconf 90' lang='grc'>42</span> <span class='ocrx_word' id='word_1_128' title='bbox 551 1315 596 1360; x_wconf 88' lang='lat' dir='ltr'>p.</span> <span class='ocrx_word' id='word_1_129' title='bbox 624 1300 734 1346; x_wconf 86' lang='lat'>101.</span> <span class='ocrx_word' id='word_1_130' title='bbox 771 1302 854 1355; x_wconf 90' lang='grc'>22,</span> <span class='ocrx_word' id='word_1_131' title='bbox 882 1299 925 1343; x_wconf 84' lang='grc'>6.</span> <span class='ocrx_word' id='word_1_132' title='bbox 947 1302 1030 1356; x_wconf 90' lang='grc'>27,</span> <span class='ocrx_word' id='word_1_133' title='bbox 1062 1300 1108 1346; x_wconf 87' lang='grc'>5.</span> <span class='ocrx_word' id='word_1_134' title='bbox 1147 1303 1231 1358; x_wconf 88' lang='grc'>29,</span> <span class='ocrx_word' id='word_1_135' title='bbox 1254 1303 1300 1349; x_wconf 87' lang='grc'>9.</span> <span class='ocrx_word' id='word_1_136' title='bbox 1325 1298 1388 1358; x_wconf 86' lang='grc' dir='ltr'>ΙΙ,</span> <span class='ocrx_word' id='word_1_137' title='bbox 1419 1305 1469 1358; x_wconf 83' lang='grc'>2,</span> 
     </span>
    </p>
   </div>
   <div class='ocr_carea' id='block_1_14' title="bbox 67 1364 1472 1501">
    <p class='ocr_par' dir='ltr' id='par_1_14' title="bbox 67 1364 1472 1501">
     <span class='ocr_line' id='line_1_18' title="bbox 70 1364 1472 1430; baseline 0.002 -18"><span class='ocrx_word' id='word_1_138' title='bbox 70 1370 120 1416; x_wconf 89' lang='lat'>4.</span> <span class='ocrx_word' id='word_1_139' title='bbox 157 1364 248 1425; x_wconf 86' lang='lat' dir='ltr'>IV,</span> <span class='ocrx_word' id='word_1_140' title='bbox 271 1370 355 1426; x_wconf 83' lang='lat'>34,</span> <span class='ocrx_word' id='word_1_141' title='bbox 379 1371 426 1416; x_wconf 89' lang='lat'>4.</span> <span class='ocrx_word' id='word_1_142' title='bbox 463 1366 528 1429; x_wconf 80' lang='lat' dir='ltr'>X,</span> <span class='ocrx_word' id='word_1_143' title='bbox 548 1371 632 1426; x_wconf 86' lang='grc'>29,</span> <span class='ocrx_word' id='word_1_144' title='bbox 658 1369 700 1415; x_wconf 86' lang='grc'>1.</span> <span class='ocrx_word' id='word_1_145' title='bbox 738 1382 1016 1430; x_wconf 80' lang='lat' dir='ltr'>quanquam</span> <span class='ocrx_word' id='word_1_146' title='bbox 1041 1364 1290 1414; x_wconf 86' lang='lat' dir='ltr'>interdum</span> <span class='ocrx_word' id='word_1_147' title='bbox 1321 1381 1374 1414; x_wconf 87' lang='lat' dir='ltr'>ut</span> <span class='ocrx_word' id='word_1_148' title='bbox 1399 1367 1472 1416; x_wconf 74' lang='lat' dir='ltr'>ni.-</span> 
     </span>
     <span class='ocr_line' id='line_1_19' title="bbox 67 1432 1470 1501; baseline 0.003 -19"><span class='ocrx_word' id='word_1_149' title='bbox 67 1432 164 1486; x_wconf 77' lang='lat' dir='ltr'>mis</span> <span class='ocrx_word' id='word_1_150' title='bbox 184 1433 305 1483; x_wconf 85' lang='lat' dir='ltr'>dura</span> <span class='ocrx_word' id='word_1_151' title='bbox 323 1434 673 1501; x_wconf 82' lang='lat' dir='ltr'>vituperantur,</span> <span class='ocrx_word' id='word_1_152' title='bbox 707 1450 829 1498; x_wconf 89' lang='lat' dir='ltr'>quae</span> <span class='ocrx_word' id='word_1_153' title='bbox 848 1452 947 1481; x_wconf 91' lang='lat' dir='ltr'>non</span> <span class='ocrx_word' id='word_1_154' title='bbox 968 1448 1098 1494; x_wconf 81' lang='lat' dir='ltr'>sunt,</span> <span class='ocrx_word' id='word_1_155' title='bbox 1137 1435 1286 1482; x_wconf 80' lang='lat' dir='ltr'>veluti</span> <span class='ocrx_word' id='word_1_156' title='bbox 1307 1436 1397 1497; x_wconf 75' lang='lat' dir='ltr'>IX,</span> <span class='ocrx_word' id='word_1_157' title='bbox 1419 1439 1470 1498; x_wconf 86' lang='lat'>5,</span> 
     </span>
    </p>
   </div>
   <div class='ocr_carea' id='block_1_15' title="bbox 23 1502 1471 1568">
    <p class='ocr_par' dir='ltr' id='par_1_15' title="bbox 23 1502 1471 1568">
     <span class='ocr_line' id='line_1_20' title="bbox 23 1502 1471 1568; baseline -0.001 -16"><span class='ocrx_word' id='word_1_158' title='bbox 23 1554 25 1556; x_wconf 8' lang='grc' dir='ltr'>μ</span> <span class='ocrx_word' id='word_1_159' title='bbox 70 1507 119 1555; x_wconf 80' lang='grc'>4.</span> <span class='ocrx_word' id='word_1_160' title='bbox 157 1502 242 1551; x_wconf 84' lang='lat' dir='ltr'>ubi</span> <span class='ocrx_word' id='word_1_161' title='bbox 257 1503 318 1553; x_wconf 87' lang='lat' dir='ltr'>cf.</span> <span class='ocrx_word' id='word_1_162' title='bbox 340 1502 575 1552; x_wconf 79' lang='lat' dir='ltr'>Schaefer</span> <span class='ocrx_word' id='word_1_163' title='bbox 591 1502 653 1549; x_wconf 87' lang='lat' dir='ltr'>ad</span> <span class='ocrx_word' id='word_1_164' title='bbox 675 1502 841 1550; x_wconf 88' lang='lat' dir='ltr'>Lamb.</span> <span class='ocrx_word' id='word_1_165' title='bbox 870 1502 982 1550; x_wconf 84' lang='lat' dir='ltr'>Bos.</span> <span class='ocrx_word' id='word_1_166' title='bbox 1014 1503 1075 1549; x_wconf 86' lang='lat' dir='ltr'>de</span> <span class='ocrx_word' id='word_1_167' title='bbox 1097 1503 1260 1568; x_wconf 78' lang='lat' dir='ltr'>Ellips.</span> <span class='ocrx_word' id='word_1_168' title='bbox 1293 1522 1339 1568; x_wconf 88' lang='lat' dir='ltr'>p.</span> <span class='ocrx_word' id='word_1_169' title='bbox 1358 1511 1471 1561; x_wconf 40' lang='grc'>,360</span> 
     </span>
    </p>
   </div>
   <div class='ocr_carea' id='block_1_16' title="bbox 69 1571 1465 1640">
    <p class='ocr_par' dir='ltr' id='par_1_16' title="bbox 69 1571 1465 1640">
     <span class='ocr_line' id='line_1_21' title="bbox 69 1571 1465 1640; baseline -0.002 -15"><span class='ocrx_word' id='word_1_170' title='bbox 69 1576 226 1634; x_wconf 75' lang='grc'><strong>(612).</strong></span> <span class='ocrx_word' id='word_1_171' title='bbox 299 1571 382 1620; x_wconf 89' lang='lat' dir='ltr'>Ad</span> <span class='ocrx_word' id='word_1_172' title='bbox 402 1573 536 1638; x_wconf 89' lang='lat' dir='ltr'>quod</span> <span class='ocrx_word' id='word_1_173' title='bbox 562 1571 776 1619; x_wconf 87' lang='lat' dir='ltr'>studium</span> <span class='ocrx_word' id='word_1_174' title='bbox 800 1571 963 1620; x_wconf 90' lang='lat' dir='ltr'>nescio</span> <span class='ocrx_word' id='word_1_175' title='bbox 986 1591 1045 1619; x_wconf 86' lang='lat' dir='ltr'>an</span> <span class='ocrx_word' id='word_1_176' title='bbox 1080 1573 1216 1620; x_wconf 84' lang='lat' dir='ltr'>nulla</span> <span class='ocrx_word' id='word_1_177' title='bbox 1242 1591 1293 1620; x_wconf 88' lang='lat' dir='ltr'>re</span> <span class='ocrx_word' id='word_1_178' title='bbox 1316 1574 1465 1640; x_wconf 81' lang='lat' dir='ltr'>magis</span> 
     </span>
    </p>
   </div>
   <div class='ocr_carea' id='block_1_17' title="bbox 5 1640 1467 1710">
    <p class='ocr_par' dir='ltr' id='par_1_17' title="bbox 5 1640 1467 1710">
     <span class='ocr_line' id='line_1_22' title="bbox 5 1640 1467 1710; baseline -0.002 -18"><span class='ocrx_word' id='word_1_179' title='bbox 5 1667 10 1669; x_wconf 70' lang='grc'><strong>-</strong></span> <span class='ocrx_word' id='word_1_180' title='bbox 68 1660 213 1710; x_wconf 85' lang='lat' dir='ltr'>quam</span> <span class='ocrx_word' id='word_1_181' title='bbox 231 1641 364 1690; x_wconf 80' lang='lat' dir='ltr'>libris</span> <span class='ocrx_word' id='word_1_182' title='bbox 386 1641 654 1703; x_wconf 83' lang='lat' dir='ltr'><em>Herodoti,</em></span> <span class='ocrx_word' id='word_1_183' title='bbox 693 1658 838 1707; x_wconf 90' lang='lat' dir='ltr'>quem</span> <span class='ocrx_word' id='word_1_184' title='bbox 859 1641 946 1688; x_wconf 80' lang='lat' dir='ltr'>sihi</span> <span class='ocrx_word' id='word_1_185' title='bbox 965 1640 1254 1688; x_wconf 85' lang='lat' dir='ltr'>imitandum</span> <span class='ocrx_word' id='word_1_186' title='bbox 1283 1660 1467 1708; x_wconf 54' lang='lat' dir='ltr'>propo.-</span> 
     </span>
    </p>
   </div>
   <div class='ocr_carea' id='block_1_18' title="bbox 65 1710 1471 2678">
    <p class='ocr_par' dir='ltr' id='par_1_18' title="bbox 65 1710 1471 2678">
     <span class='ocr_line' id='line_1_23' title="bbox 69 1710 1471 1776; baseline -0.001 -14"><span class='ocrx_word' id='word_1_187' title='bbox 69 1725 254 1773; x_wconf 79' lang='lat' dir='ltr'>suerat‚</span> <span class='ocrx_word' id='word_1_188' title='bbox 293 1710 476 1764; x_wconf 88' lang='lat' dir='ltr'>delatus</span> <span class='ocrx_word' id='word_1_189' title='bbox 496 1713 566 1759; x_wconf 82' lang='lat' dir='ltr'>sit.</span> <span class='ocrx_word' id='word_1_190' title='bbox 643 1710 794 1769; x_wconf 90' lang='lat' dir='ltr'>Quod</span> <span class='ocrx_word' id='word_1_191' title='bbox 818 1724 870 1757; x_wconf 90' lang='lat' dir='ltr'>ut</span> <span class='ocrx_word' id='word_1_192' title='bbox 897 1725 1026 1757; x_wconf 86' lang='lat' dir='ltr'>recte</span> <span class='ocrx_word' id='word_1_193' title='bbox 1059 1710 1354 1776; x_wconf 75' lang='lat' dir='ltr'>intelligatur</span> <span class='ocrx_word' id='word_1_194' title='bbox 1392 1730 1471 1760; x_wconf 80' lang='lat' dir='ltr'>ae-</span> 
     </span>
     <span class='ocr_line' id='line_1_24' title="bbox 69 1779 1470 1847; baseline -0.002 -15"><span class='ocrx_word' id='word_1_195' title='bbox 69 1782 402 1846; x_wconf 58' lang='lat' dir='ltr'>stimantque,</span> <span class='ocrx_word' id='word_1_196' title='bbox 423 1781 666 1847; x_wconf 84' lang='lat' dir='ltr'>praeclara</span> <span class='ocrx_word' id='word_1_197' title='bbox 686 1780 770 1827; x_wconf 87' lang='lat' dir='ltr'>illa</span> <span class='ocrx_word' id='word_1_198' title='bbox 791 1779 1080 1827; x_wconf 85' lang='lat' dir='ltr'>Rulmkenii</span> <span class='ocrx_word' id='word_1_199' title='bbox 1100 1781 1371 1828; x_wconf 86' lang='lat' dir='ltr'>observatio</span> <span class='ocrx_word' id='word_1_200' title='bbox 1394 1783 1470 1842; x_wconf 81' lang='lat' dir='ltr'>(in</span> 
     </span>
     <span class='ocr_line' id='line_1_25' title="bbox 67 1849 1468 1913; baseline 0.001 -15"><span class='ocrx_word' id='word_1_201' title='bbox 67 1850 225 1902; x_wconf 84' lang='lat' dir='ltr'>Praef.</span> <span class='ocrx_word' id='word_1_202' title='bbox 249 1849 310 1898; x_wconf 89' lang='lat' dir='ltr'>ad</span> <span class='ocrx_word' id='word_1_203' title='bbox 334 1850 672 1913; x_wconf 87' lang='lat' dir='ltr'>TimaeiLex.)</span> <span class='ocrx_word' id='word_1_204' title='bbox 712 1849 756 1896; x_wconf 85' lang='lat' dir='ltr'>in</span> <span class='ocrx_word' id='word_1_205' title='bbox 783 1850 1060 1897; x_wconf 80' lang='lat' dir='ltr'>memoriam</span> <span class='ocrx_word' id='word_1_206' title='bbox 1082 1852 1353 1898; x_wconf 82' lang='lat' dir='ltr'>revocanda</span> <span class='ocrx_word' id='word_1_207' title='bbox 1371 1865 1468 1900; x_wconf 85' lang='lat' dir='ltr'>est:</span> 
     </span>
     <span class='ocr_line' id='line_1_26' title="bbox 67 1918 1467 1986; baseline -0.001 -17"><span class='ocrx_word' id='word_1_208' title='bbox 67 1920 198 1984; x_wconf 78' lang='lat' dir='ltr'>„Vix</span> <span class='ocrx_word' id='word_1_209' title='bbox 220 1919 478 1986; x_wconf 89' lang='lat' dir='ltr'>quisquam</span> <span class='ocrx_word' id='word_1_210' title='bbox 510 1934 620 1986; x_wconf 87' lang='lat' dir='ltr'>post</span> <span class='ocrx_word' id='word_1_211' title='bbox 649 1919 846 1966; x_wconf 88' lang='lat' dir='ltr'>heroica</span> <span class='ocrx_word' id='word_1_212' title='bbox 880 1918 956 1966; x_wconf 90' lang='lat' dir='ltr'>illa</span> <span class='ocrx_word' id='word_1_213' title='bbox 996 1934 1214 1984; x_wconf 75' lang='lat' dir='ltr'>tempoia</span> <span class='ocrx_word' id='word_1_214' title='bbox 1245 1919 1306 1966; x_wconf 87' lang='lat' dir='ltr'>ad</span> <span class='ocrx_word' id='word_1_215' title='bbox 1346 1921 1467 1968; x_wconf 62' lang='lat' dir='ltr'>scri-1</span> 
     </span>
     <span class='ocr_line' id='line_1_27' title="bbox 67 1988 1465 2055; baseline 0 -17"><span class='ocrx_word' id='word_1_216' title='bbox 67 1989 288 2038; x_wconf 79' lang='lat' dir='ltr'>bendum</span> <span class='ocrx_word' id='word_1_217' title='bbox 314 1989 535 2052; x_wconf 81' lang='lat' dir='ltr'>accessit,</span> <span class='ocrx_word' id='word_1_218' title='bbox 585 1989 708 2055; x_wconf 86' lang='lat' dir='ltr'>quin</span> <span class='ocrx_word' id='word_1_219' title='bbox 738 2007 788 2036; x_wconf 91' lang='lat' dir='ltr'>se</span> <span class='ocrx_word' id='word_1_220' title='bbox 810 2002 965 2037; x_wconf 88' lang='lat' dir='ltr'>totum</span> <span class='ocrx_word' id='word_1_221' title='bbox 991 1988 1053 2036; x_wconf 88' lang='lat' dir='ltr'>ad</span> <span class='ocrx_word' id='word_1_222' title='bbox 1088 1989 1304 2054; x_wconf 82' lang='lat' dir='ltr'>aliquem</span> <span class='ocrx_word' id='word_1_223' title='bbox 1341 1990 1465 2038; x_wconf 70' lang='lat' dir='ltr'>anti-1</span> 
     </span>
     <span class='ocr_line' id='line_1_28' title="bbox 65 2057 1462 2126; baseline -0.003 -20"><span class='ocrx_word' id='word_1_224' title='bbox 65 2059 322 2124; x_wconf 70' lang='lat' dir='ltr'>quior-um,</span> <span class='ocrx_word' id='word_1_225' title='bbox 359 2059 446 2125; x_wconf 87' lang='lat' dir='ltr'>qui</span> <span class='ocrx_word' id='word_1_226' title='bbox 470 2059 688 2108; x_wconf 90' lang='lat' dir='ltr'>omnium</span> <span class='ocrx_word' id='word_1_227' title='bbox 714 2075 954 2106; x_wconf 89' lang='lat' dir='ltr'>consensu</span> <span class='ocrx_word' id='word_1_228' title='bbox 981 2057 1164 2126; x_wconf 83' lang='lat' dir='ltr'>ingenii</span> <span class='ocrx_word' id='word_1_229' title='bbox 1204 2077 1257 2105; x_wconf 86' lang='lat' dir='ltr'>ac</span> <span class='ocrx_word' id='word_1_230' title='bbox 1281 2057 1462 2106; x_wconf 75' lang='lat' dir='ltr'>doctri-</span> 
     </span>
     <span class='ocr_line' id='line_1_29' title="bbox 66 2116 1462 2194; baseline -0.003 -19"><span class='ocrx_word' id='word_1_231' title='bbox 66 2144 157 2188; x_wconf 67' lang='lat' dir='ltr'>nae</span> <span class='ocrx_word' id='word_1_232' title='bbox 181 2127 506 2194; x_wconf 78' lang='lat' dir='ltr'>principatum</span> <span class='ocrx_word' id='word_1_233' title='bbox 538 2128 829 2188; x_wconf 80' lang='lat' dir='ltr'>obtinerent,</span> <span class='ocrx_word' id='word_1_234' title='bbox 869 2116 1238 2192; x_wconf 83' lang='lat' dir='ltr'>exprimendum</span> <span class='ocrx_word' id='word_1_235' title='bbox 1272 2127 1462 2176; x_wconf 71' lang='lat' dir='ltr'>imitan-</span> 
     </span>
     <span class='ocr_line' id='line_1_30' title="bbox 65 2197 1458 2266; baseline -0.001 -21"><span class='ocrx_word' id='word_1_236' title='bbox 65 2197 282 2263; x_wconf 83' lang='lat' dir='ltr'>dumque</span> <span class='ocrx_word' id='word_1_237' title='bbox 316 2198 465 2246; x_wconf 84' lang='lat' dir='ltr'>daret.</span> <span class='ocrx_word' id='word_1_238' title='bbox 546 2198 905 2263; x_wconf 85' lang='lat' dir='ltr'>Quemcunque</span> <span class='ocrx_word' id='word_1_239' title='bbox 942 2215 1060 2244; x_wconf 75' lang='lat' dir='ltr'>velo</span> <span class='ocrx_word' id='word_1_240' title='bbox 1096 2197 1185 2244; x_wconf 76' lang='lat' dir='ltr'>sibi</span> <span class='ocrx_word' id='word_1_241' title='bbox 1218 2197 1458 2266; x_wconf 84' lang='lat' dir='ltr'>elegisset,</span> 
     </span>
     <span class='ocr_line' id='line_1_31' title="bbox 69 2265 1461 2330; baseline 0.001 -18"><span class='ocrx_word' id='word_1_242' title='bbox 69 2269 172 2329; x_wconf 86' lang='lat' dir='ltr'>ejus</span> <span class='ocrx_word' id='word_1_243' title='bbox 205 2284 302 2314; x_wconf 91' lang='lat' dir='ltr'>non</span> <span class='ocrx_word' id='word_1_244' title='bbox 332 2268 494 2315; x_wconf 88' lang='lat' dir='ltr'>solum</span> <span class='ocrx_word' id='word_1_245' title='bbox 517 2267 747 2315; x_wconf 84' lang='lat' dir='ltr'>orationis</span> <span class='ocrx_word' id='word_1_246' title='bbox 771 2265 993 2314; x_wconf 86' lang='lat' dir='ltr'>habitum</span> <span class='ocrx_word' id='word_1_247' title='bbox 1025 2267 1353 2330; x_wconf 74' lang='lat' dir='ltr'>foimulasque</span> <span class='ocrx_word' id='word_1_248' title='bbox 1387 2267 1461 2314; x_wconf 87' lang='lat' dir='ltr'>lo-</span> 
     </span>
     <span class='ocr_line' id='line_1_32' title="bbox 68 2333 1457 2400; baseline 0 -18"><span class='ocrx_word' id='word_1_249' title='bbox 68 2333 270 2400; x_wconf 84' lang='lat' dir='ltr'>quendi,</span> <span class='ocrx_word' id='word_1_250' title='bbox 305 2338 391 2384; x_wconf 89' lang='lat' dir='ltr'>sed</span> <span class='ocrx_word' id='word_1_251' title='bbox 409 2336 669 2384; x_wconf 87' lang='lat' dir='ltr'>sententias</span> <span class='ocrx_word' id='word_1_252' title='bbox 692 2336 832 2383; x_wconf 87' lang='lat' dir='ltr'>etiam</span> <span class='ocrx_word' id='word_1_253' title='bbox 857 2351 904 2382; x_wconf 80' lang='lat' dir='ltr'>et</span> <span class='ocrx_word' id='word_1_254' title='bbox 923 2338 1048 2383; x_wconf 89' lang='lat' dir='ltr'>bene</span> <span class='ocrx_word' id='word_1_255' title='bbox 1072 2334 1199 2381; x_wconf 87' lang='lat' dir='ltr'>dicta</span> <span class='ocrx_word' id='word_1_256' title='bbox 1224 2334 1457 2382; x_wconf 83' lang='lat' dir='ltr'>acerrimo</span> 
     </span>
     <span class='ocr_line' id='line_1_33' title="bbox 68 2402 1459 2469; baseline -0.001 -17"><span class='ocrx_word' id='word_1_257' title='bbox 68 2405 432 2452; x_wconf 80' lang='lat' dir='ltr'>consectabatur</span> <span class='ocrx_word' id='word_1_258' title='bbox 469 2406 655 2467; x_wconf 87' lang='lat' dir='ltr'>studio,</span> <span class='ocrx_word' id='word_1_259' title='bbox 692 2405 744 2452; x_wconf 87' lang='lat' dir='ltr'>in</span> <span class='ocrx_word' id='word_1_260' title='bbox 771 2423 1095 2469; x_wconf 84' lang='lat' dir='ltr'>succumque,</span> <span class='ocrx_word' id='word_1_261' title='bbox 1145 2402 1279 2468; x_wconf 86' lang='lat' dir='ltr'>quod</span> <span class='ocrx_word' id='word_1_262' title='bbox 1302 2407 1459 2464; x_wconf 75' lang='lat' dir='ltr'>ajunt,</span> 
     </span>
     <span class='ocr_line' id='line_1_34' title="bbox 69 2472 1460 2551; baseline -0.002 -30"><span class='ocrx_word' id='word_1_263' title='bbox 69 2487 118 2521; x_wconf 84' lang='lat' dir='ltr'>et</span> <span class='ocrx_word' id='word_1_264' title='bbox 137 2473 418 2551; x_wconf 82' lang='lat' dir='ltr'>sanguinem</span> <span class='ocrx_word' id='word_1_265' title='bbox 436 2477 662 2523; x_wconf 84' lang='lat' dir='ltr'>vertebat.</span> <span class='ocrx_word' id='word_1_266' title='bbox 733 2474 834 2521; x_wconf 91' lang='lat' dir='ltr'>Sed</span> <span class='ocrx_word' id='word_1_267' title='bbox 868 2493 922 2522; x_wconf 89' lang='lat' dir='ltr'>ex</span> <span class='ocrx_word' id='word_1_268' title='bbox 955 2474 1045 2521; x_wconf 79' lang='lat' dir='ltr'>illis</span> <span class='ocrx_word' id='word_1_269' title='bbox 1077 2472 1308 2519; x_wconf 78' lang='lat' dir='ltr'>heioihus</span> <span class='ocrx_word' id='word_1_270' title='bbox 1337 2491 1460 2537; x_wconf 83' lang='lat' dir='ltr'>qua-</span> 
     </span>
     <span class='ocr_line' id='line_1_35' title="bbox 68 2543 1458 2608; baseline -0.003 -18"><span class='ocrx_word' id='word_1_271' title='bbox 68 2556 182 2591; x_wconf 81' lang='lat' dir='ltr'>tuor</span> <span class='ocrx_word' id='word_1_272' title='bbox 200 2543 416 2607; x_wconf 76' lang='lat' dir='ltr'>inprimis</span> <span class='ocrx_word' id='word_1_273' title='bbox 438 2544 675 2608; x_wconf 86' lang='lat' dir='ltr'>posterior</span> <span class='ocrx_word' id='word_1_274' title='bbox 695 2558 822 2591; x_wconf 87' lang='lat' dir='ltr'>aetas</span> <span class='ocrx_word' id='word_1_275' title='bbox 853 2558 900 2591; x_wconf 91' lang='lat' dir='ltr'>et</span> <span class='ocrx_word' id='word_1_276' title='bbox 920 2543 1146 2591; x_wconf 85' lang='lat' dir='ltr'>admirata</span> <span class='ocrx_word' id='word_1_277' title='bbox 1172 2555 1263 2601; x_wconf 79' lang='lat' dir='ltr'>est,</span> <span class='ocrx_word' id='word_1_278' title='bbox 1288 2554 1335 2587; x_wconf 90' lang='lat' dir='ltr'>et</span> <span class='ocrx_word' id='word_1_279' title='bbox 1356 2553 1458 2587; x_wconf 82' lang='lat' dir='ltr'>stu-</span> 
     </span>
     <span class='ocr_line' id='line_1_36' title="bbox 71 2610 1457 2678; baseline -0.001 -19"><span class='ocrx_word' id='word_1_280' title='bbox 71 2610 206 2659; x_wconf 85' lang='lat' dir='ltr'>diose</span> <span class='ocrx_word' id='word_1_281' title='bbox 228 2612 432 2672; x_wconf 84' lang='lat' dir='ltr'>effinxit,</span> <span class='ocrx_word' id='word_1_282' title='bbox 468 2611 768 2674; x_wconf 87' lang='lat' dir='ltr'>Homerum,</span> <span class='ocrx_word' id='word_1_283' title='bbox 806 2610 1168 2678; x_wconf 87' lang='lat' dir='ltr'>Thucydidem,</span> <span class='ocrx_word' id='word_1_284' title='bbox 1207 2611 1457 2658; x_wconf 86' lang='lat' dir='ltr'>Platonem</span> 
     </span>
    </p>
   </div>
   <div class='ocr_carea' id='block_1_19' title="bbox 72 2678 1456 2800">
    <p class='ocr_par' dir='ltr' id='par_1_19' title="bbox 72 2678 1456 2800">
     <span class='ocr_line' id='line_1_37' title="bbox 72 2678 1456 2746; baseline -0.003 -16"><span class='ocrx_word' id='word_1_285' title='bbox 72 2694 122 2731; x_wconf 85' lang='lat' dir='ltr'>et</span> <span class='ocrx_word' id='word_1_286' title='bbox 140 2679 571 2746; x_wconf 36' lang='lat' dir='ltr'>Demosthenem&amp;</span> <span class='ocrx_word' id='word_1_287' title='bbox 600 2681 782 2735; x_wconf 85' lang='lat' dir='ltr'>Noster</span> <span class='ocrx_word' id='word_1_288' title='bbox 803 2695 962 2733; x_wconf 78' lang='lat' dir='ltr'>autem</span> <span class='ocrx_word' id='word_1_289' title='bbox 980 2678 1314 2728; x_wconf 82' lang='lat' dir='ltr'>Herodotum:</span> <span class='ocrx_word' id='word_1_290' title='bbox 1344 2697 1456 2727; x_wconf 88' lang='lat' dir='ltr'>nam</span> 
     </span>
     <span class='ocr_line' id='line_1_38' title="bbox 1078 2751 1180 2800; baseline 0.01 -1"><span class='ocrx_word' id='word_1_291' title='bbox 1078 2751 1112 2799; x_wconf 81' lang='lat' dir='ltr'><strong>h</strong></span> <span class='ocrx_word' id='word_1_292' title='bbox 1146 2755 1180 2800; x_wconf 73' lang='lat'>2</span> 
     </span>
    </p>
   </div>
  </div>
 </body>
</html>
