1708 3086
226 265 293 302 λίς
737 262 1112 298 PRAEFATIO·

235 361 468 422 editores3
499 378 564 412 ne
577 363 822 428 pristinas
850 367 1078 413 lectiones
1099 366 1225 413 clam
1253 366 1328 412 ad
1349 363 1613 414 arbitrium
1679 396 1681 400 ,

235 433 519 499 refingendo
542 435 677 483 viam
699 438 772 482 ad
794 437 1020 482 veritatis
1046 431 1374 483 inventionem
1405 435 1616 497 impedi·
1682 483 1684 485 .

235 504 410 550 uorem
434 506 718 564 redderent,
755 516 920 549 contra
945 502 998 549 id
1018 518 1079 551 ne
1109 519 1200 571 ego
1231 519 1511 568 peccarem,
1541 518 1614 550 se·

238 567 357 618 dulo
381 585 456 617 me
487 569 668 637 ubique
691 569 867 620 cavisse
885 584 1021 637 puto.

378 707 544 766 Quum
562 726 678 758 vero
702 728 803 758 non
822 708 875 757 id
891 709 1013 758 mihi
1030 709 1332 776 propositum
1353 707 1534 769 fuisset,
1563 720 1617 756 ut
1646 712 1652 720 '

236 772 360 825 haec
390 775 539 825 editio
569 778 663 826 illis
691 778 981 827 redderetur
1007 779 1187 842 similis,
1231 797 1354 844 quae
1387 776 1619 825 dicuntur

236 863 349 894 cum
379 849 524 894 Notis
555 850 611 896 V
603 849 855 910 ariorum,
899 862 947 896 et
977 844 1135 897 omnia
1168 847 1392 907 omnino,
1444 845 1620 911 quibus
1647 850 1653 856 ‘
1703 874 1708 893 ι

235 913 510 980 superiores
539 916 823 965 Pausaniam⁴
851 935 951 966 non
983 930 1170 964 tantum
1200 915 1492 965 ornavissent
1533 911 1631 962 sed·

238 983 568 1034 oneravissent
594 985 750 1047 etiarn,
788 986 1218 1051 complecteretur,
1263 987 1386 1033 fines
1419 986 1522 1046 ejus
1552 982 1619 1031 itu

236 1050 482 1116 :regendos
500 1052 782 1115 existimavi,
816 1068 871 1101 ut
893 1074 1016 1119 quae
1036 1055 1086 1102 in
1104 1054 1413 1119 superiorum.
1422 1051 1632 1119 adama*
1698 1058 1708 1074 L

238 1119 450 1168 tionibus
473 1121 534 1169 ad
555 1126 786 1189 cujusque
807 1123 1029 1171 lectionis
1049 1123 1383 1171 auctoritatem
1402 1134 1484 1168 aut
1505 1130 1625 1172 (3011-⁸

196 1219 203 1223 ι
237 1188 525 1238 firmandam
545 1205 627 1239 aut
646 1191 1024 1239 labefactandam
1045 1192 1179 1240 utilia
1199 1191 1500 1251 invenissem,
1540 1202 1628 1237 eo·-

239 1275 352 1304 rum
366 1259 582 1308 omnium
596 1258 718 1306 nihil
736 1261 1178 1325 praetermitterem,
1201 1281 1226 1309 e
1238 1259 1436 1325 reliquis
1447 1270 1628 1320 autent,
1698 1261 1708 1270 “

241 1344 367 1390 quae
381 1326 457 1374 illi
470 1328 782 1376 commentati
796 1344 949 1391 erant,
985 1329 1242 1397 seligerent
1250 1346 1372 1394 quae
1383 1326 1443 1375 ad
1453 1328 1626 1376 Pausa-

238 1393 370 1442 niam
400 1410 530 1443 recte
570 1396 907 1462 explicandum
935 1415 1047 1446 vere
1085 1397 1412 1462 pertinerent,
1457 1413 1484 1444 a
1523 1412 1624 1460 quo

242 1461 462 1530 quidque
481 1479 694 1513 sumtum
725 1479 871 1527 esset,
910 1465 1143 1513 indicans.
1213 1462 1634 1533 Namnottmodcb¹

239 1550 342 1580 non
378 1532 580 1599 prodest
611 1534 696 1581 sed
726 1534 862 1582 obest
909 1534 1072 1595 etiam,
1126 1548 1312 1583 veteres
1362 1532 1625 1597 scriptores

242 1603 699 1651 commentariorum
728 1603 858 1670 gravi
888 1602 1107 1669 pondere
1136 1616 1345 1664 onustos¹
1364 1601 1415 1649 in
1451 1600 1624 1667 vulgus

242 1669 459 1718 emittere
492 1690 567 1720 res
598 1672 952 1720 continentium
983 1671 1162 1719 alienas
1173 1707 1186 1732 ‚
1232 1670 1412 1736 quippe
1450 1669 1630 1736 quibus

240 1735 464 1787 homines
485 1758 585 1789 non
610 1739 672 1788 ad
688 1740 952 1808 legendum
972 1739 1234 1789 invitentur
1254 1739 1340 1786 sed
1371 1741 1430 1787 ab
1449 1756 1508 1789 eo
1543 1737 1628 1787 de-

240 1819 529 1857 terreantur.
600 1809 653 1856 Si
683 1810 765 1856 cui
795 1809 891 1870 alii,
929 1810 1146 1874 profecto
1179 1822 1397 1857 veterum
1425 1806 1629 1873 scripto·-

240 1893 353 1923 rum
378 1878 634 1943 interpreti
648 1895 839 1943 semper
858 1878 1123 1926 videndum
1146 1889 1232 1938 est,
1247 1876 1369 1942 quid
1385 1875 1446 1923 sit
1466 1879 1629 1939 cujus-

244 1961 340 2009 que
358 1945 470 2001 loci,
497 1947 617 2014 quid
636 1965 752 2008 non,
790 1946 911 1994 nein
932 1951 1032 2011 ejus
1046 1963 1242 2012 quoque
1255 1944 1628 1994 commentarios

241 2027 382 2061 vetus
402 2014 587 2063 dictum
607 2015 770 2064 cadat:
806 2019 1036 2080 Magnas
1064 2016 1213 2076 liber,
1250 2032 1488 2078 magnum
1520 2032 1631 2066 ma«,-

242 2083 359 2132 Ium.
432 2083 594 2141 Quare
624 2104 775 2151 quum
805 2084 1057 2132 Pausanias
1087 2083 1187 2148 ipse
1224 2088 1286 2132 de
1318 2087 1628 2136 Graecorum

241 2153 566 2214 religionibus·
587 2171 644 2200 ex
675 2152 922 2218 superiore
943 2152 1054 2200 Asia
1085 2153 1161 2199 vel
1187 2149 1412 2220 Aegypto
1444 2148 1630 2199 ducen-

243 2216 343 2279 dis,
381 2220 420 2267 si
440 2240 591 2285 pauca
612 2235 659 2269 et
681 2221 838 2269 tenuia
867 2220 1108 2285 exceperis
1137 2220 1351 2286 vestigia,
1388 2237 1630 2284 nusquam.

241 2287 548 2354 cogitaverit,
586 2309 677 2337 nec
699 2290 937 2354 interpres
962 2293 1063 2352 ejus
1087 2288 1176 2336 sibi
1197 2288 1310 2336 illuc
1331 2286 1630 2355 evagandum

243 2371 343 2402 esse
362 2357 567 2422 putabit,
601 2358 653 2405 in
674 2375 731 2405 eo
750 2376 850 2405 uno
871 2358 963 2405 sibi
985 2356 1334 2406 elaborandum
1360 2373 1462 2403 esse
1478 2355 1629 2418 ratus,

244 2438 300 2471 ut
320 2425 443 2489 quid
460 2425 712 2475 Pausanias
734 2420 936 2487 dixerit,
974 2440 1055 2473 aut
1080 2425 1249 2472 dixisse
1268 2424 1511 2486 videatur,
1548 2441 1631 2473 ex·-

243 2491 405 2556 plicet.
475 2495 537 2541 Et
559 2494 695 2560 quod
721 2495 889 2542 attinet
921 2494 984 2541 ad
1014 2497 1143 2542 artis
1174 2513 1329 2558 opera
1359 2490 1629 2557 eoris'mque

242 2572 471 2609 auctores
501 2582 524 2609 a
555 2562 786 2613 Pausania
799 2575 1238 2622 commemoratos,
1297 2580 1400 2608 eam
1427 2578 1631 2627 quoque

243 2631 308 2676 ob
328 2649 517 2677 causam
552 2645 768 2695 poteram
801 2629 923 2678 haec
954 2631 1034 2678 illa
1067 2630 1348 2693 praeterire,
1385 2629 1521 2695 quod
1545 2630 1645 2678 ‘inae‘

245 2696 376 2748 dices
413 2698 490 2749 Jo.
529 2698 925 2757 Winckelmanni
974 2698 1217 2766 Operibus
1261 2716 1419 2766 nuper
1477 2696 1629 2748 additi
