1708 3086
410 250 509 291 AD
574 253 628 290 1..
690 248 758 289 11.
821 249 996 290 CAP.
1058 246 1168 290 XV.
1416 253 1498 294 197

85 367 323 410 scholiastes
343 361 476 407 autem
494 366 550 406 ad
566 365 857 417 Anthologiam
883 378 1068 417 graecam
1097 362 1168 404 lib.
1191 355 1266 406 vn
1296 367 1418 420 epigr.
1440 369 1495 412 29

83 412 182 468 uitat
229 426 466 466 Pausaniam
508 425 553 467 ἐν
588 421 792 480 Ἀργείων
834 420 1027 477 διηγήσει.
1069 424 1118 461 cs.
1158 423 1208 461 ad
1239 429 1307 473 23,
1346 429 1384 468 7,
1415 425 1491 476 Iis,

82 485 156 538 qui
174 482 377 538 Argolica
405 483 759 536 conscripserunt,
804 481 927 521 addes
959 479 1106 519 Istrum
1138 478 1195 534 (v.
1219 481 1490 537 Fragmenta),

79 540 322 583 Demetrium
345 540 401 596 (v.
427 542 549 580 Clem.
571 541 685 580 A'lex.
706 539 877 578 Admon.
899 552 945 591 p.
968 539 1069 587 30),
1114 535 1319 577 Socratem
1350 532 1505 593 Argi-L*

78 614 169 639 vum
190 613 211 639 e
230 598 364 638 SchoJ.
387 599 550 638 Pindari
573 599 684 637 Nem.
702 601 742 647 3,
765 601 820 640 92
843 603 964 649 atque
986 595 1128 634 Vossio
1152 595 1202 634 de
1235 595 1329 635 hist.
1354 604 1485 647 graec.
1519 606 1521 609 “

78 670 122 710 p.
142 661 241 707 414,
266 656 515 696 Timotheum
535 671 556 696 e
576 653 780 695 Plutarch.
803 654 854 693 de
871 654 1026 693 flumin.
1053 657 1117 702 18,
1149 658 1187 695 3.
1202 658 1256 692 -et
1288 654 1454 694 Diniam
1467 686 1481 704 ,

79 714 131 754 de
150 727 231 768 quo
254 727 296 753 v.
315 713 406 753 Sch.
428 714 550 767 Soph,
567 714 713 752 Electr.
741 717 836 762 278,
876 713 947 750 ubi
979 711 1195 750 laudantur
1243 706 1484 765 ’.Ἀργολικαὶ

74 775 340 827 χσυγγραφεῖς.
371 769 480 812 Guil.
515 770 636 811 Gellii
657 772 808 811 librum
836 770 886 810 de
910 767 1117 822 Argolide
1137 767 1236 806 mihi
1258 769 1356 808 meis
1381 783 1483 810 ocu*

75 827 127 867 lis
145 841 347 883 usurpare
383 829 563 869 nondum
585 829 763 881 contigit.
822 850 826 853 -
1087 846 1089 848 ·
1109 878 1113 881 .
1465 845 1467 847 ·

193 884 236 941 ἕ.
269 892 307 929 1.
339 887 410 926 His
430 881 511 928 Ἐκ
526 888 814 942 Κορίνθου-
829 881 980 940 μεγάλη
1002 883 1200 923 simillima
1223 882 1346 922 habet
1365 885 1478 930 Stra÷

75 942 130 984 bo
150 943 255 993 VIII,
272 948 371 989 377.
402 945 482 984 Pro
502 939 553 986 οὗ
569 940 718 999 μεγάλη
736 943 933 996 jBarthius
955 942 1007 980 ad
1027 941 1142 980 Statii
1169 939 1292 980 Theb.
1323 941 1390 991 IV,
1422 946 1480 986 47

75 1000 155 1052 legi
174 1002 306 1041 voluit
331 993 379 1043 εὖ
407 1000 583 1056 μὶγάλη,
615 1003 766 1042 frustra
785 1002 1006 1041 Homerum
1038 1013 1086 1038 ac
1118 998 1357 1038 Strabonem
1387 1000 1478 1039 lau-

75 1057 188 1097 dans.
230 1059 388 1099 Horum
415 1060 620 1112 posterior
641 1060 678 1098 d.
712 1060 739 1099 1.
768 1060 846 1109 ait,
892 1056 1064 1099 Cleonae
1096 1070 1148 1095 ex
1175 1055 1476 1096 Acrocorintho

71 1116 266 1168 prospici,
298 1123 339 1156 et
355 1117 404 1154 ab
427 1117 542 1169 Argis
566 1118 691 1166 CXX,
713 1132 735 1156 a
757 1116 954 1156 Corintho
977 1116 1131 1154 LXXX
1153 1114 1291 1153 stadiis
1309 1114 1472 1154 distare.

72 1178 246 1230 ποταμῷ
267 1188 344 1227 pro
371 1170 550 1232 Ἀσώιτῳ
584 1175 701 1214 Vind.
742 1173 884 1216 Cleone
918 1175 959 1213 in
994 1172 1119 1225 Asopi
1160 1170 1319 1210 filiabus
1355 1173 1475 1212 etiam

74 1231 186 1282 apud
206 1232 323 1270 Diod.
343 1233 381 1270 S.
402 1231 470 1288 IV,
490 1237 546 1275 72
568 1239 607 1271 et
624 1232 808 1272 Eustath.
831 1232 882 1270 ad
913 1229 1027 1271 Iliad.
1045 1244 1084 1282 p.
1111 1232 1208 1271 291.
1251 1227 1473 1285 Scyllidem
1511 1273 1515 1277 ,

73 1295 115 1328 et
145 1289 375 1343 Dipoenumj
401 1289 565 1328 Daedali
591 1291 658 1328 vel
688 1290 910 1342 discipulos
939 1288 1006 1327 vel
1035 1287 1140 1326 filios
1176 1285 1337 1326 habitos
1365 1300 1472 1334 esse,

70 1346 289 1386 Pausanias
317 1347 464 1385 iterum
488 1347 621 1386 innuit
649 1349 719 1398 III,
756 1351 821 1397 17,
856 1351 895 1390 6.
928 1347 987 1385 cf.-
1002 1345 1052 1384 de
1077 1345 1132 1383 iis
1148 1344 1471 1384 Winckelmanni

71 1403 179 1456 opp.
199 1404 306 1454 VIII,
329 1407 425 1448 309.
458 1405 607 1443 Contra
629 1419 718 1456 eos,
751 1406 819 1459 qui
840 1404 908 1444 hic
932 1403 1153 1442 Daedalum
1177 1403 1468 1451 recentiorem,

71 1461 308 1514 Sicyonium
333 1462 448 1500 illum
469 1461 602 1515 (Paus.
620 1463 687 1513 VI,
707 1467 748 1513 6,
766 1467 805 1507 6.
823 1465 875 1512 X,
911 1465 951 1512 9,
985 1459 1029 1515 8)
1059 1459 1279 1512 significari*
1299 1465 1443 1512 putent
1457 1488 1468 1508 ,

70 1518 252 1572 disputat
278 1519 542 1567 Quatremere
572 1521 614 1559 in
639 1521 796 1573 Jupiter
827 1519 1046 1573 Olympien
1071 1532 1110 1570 p.
1148 1521 1230 1561 180
1271 1531 1330 1568 sq.
1357 1516 1468 1556 hunc

70 1577 177 1615 enim
198 1572 306 1615 circa
326 1576 690 1630 OlympiademLX
709 1572 912 1627 seuXCV,
934 1589 1029 1627 ergo
1052 1576 1114 1613 CL
1133 1574 1218 1614 fere
1240 1575 1352 1613 annis
1373 1578 1468 1626 poet

69 1632 297 1686 Dipoenum
315 1640 355 1672 et
366 1636 583 1687 Soyllidem
604 1636 775 1676 vixisse:
805 1634 881 1674 hos
900 1641 1033 1673 autem
1053 1633 1163 1672 illius
1186 1632 1341 1684 antiqui
1365 1632 1467 1670 Dae-⁴

70 1691 151 1730 dati
179 1691 399 1744 discipulos
429 1693 560 1732 dictos
586 1707 695 1742 esse,
754 1693 849 1745 quia
879 1693 935 1731 »il
956 1690 1166 1730 subsistoit
1184 1703 1330 1728 encore
1353 1688 1467 1741 quel-

69 1762 168 1801 ques
191 1751 415 1789 caracteres
437 1750 487 1789 de
510 1765 555 1790 ce
578 1752 683 1804 style
701 1751 843 1803 simple
872 1746 999 1803 (ἁπλᾶ
1024 1749 1118 1802 ἔργα
1144 1747 1254 1800 apud
1277 1746 1392 1789 Paus-
1415 1745 1464 1794 V,

9 1838 13 1841 -
71 1811 138 1855 17,
168 1805 207 1859 1)
239 1807 309 1846 des
333 1808 473 1847 siecles
496 1808 780 1861 precedentS.«
809 1808 919 1846 Idem
941 1808 1080 1860 p.174
1104 1805 1180 1842 ait:
1209 1804 1464 1855 »discipulus

16 1896 21 1901 .
68 1863 234 1902 Daedali
253 1865 316 1902 fut
333 1878 414 1904 une
433 1866 677 1918 appellation
694 1866 866 1904 bannale
878 1895 889 1914 ,
930 1865 1000 1916 qui
1030 1861 1184 1914 signifia
1214 1862 1467 1914 simplement

68 1924 151 1961 tres
179 1923 321 1961 ancien
355 1923 607 1976 sculpteur.«
646 1928 822 1978 γυναῖκα
858 1920 1068 1974 Γόρτυνος
1105 1918 1465 1971 ἐθέλουσι-λαβεῖν

68 1978 185 2031 Vulg.
210 1987 382 2034 γυναῖκα
400 1979 473 2032 τὴν
499 1978 705 2034 Γόρτυνος
726 1997 764 2022 κ.
784 1985 817 2023 λ.
846 1978 1034 2018 Kulmius
1056 1976 1242 2029 conjecit.
1273 1975 1463 2015 praeive-

66 2043 131 2077 rat
151 2038 293 2076 Comes
313 2038 466 2077 Natalis
485 2038 571 2087 VII,
595 2042 647 2081 16
674 2052 716 2091 p.
739 2042 836 2082 773.
865 2036 1028 2089 sequuti
1053 2041 1146 2074 sunt
1175 2033 1396 2085 Gedoynus
1422 2038 1464 2071 et·

70 2094 379 2146 Goldhagenus3
410 2101 451 2134 at
471 2110 551 2134 non
575 2096 710 2148 potius
733 2093 809 2148 τὴν
833 2108 953 2146 quam
971 2093 1012 2140 ἐς
1039 2098 1130 2131 ante
1157 2087 1363 2144 Γόρτυνος
1389 2103 1462 2128 ex-

68 2153 188 2204 cidit,
217 2153 319 2192 urbs
343 2154 448 2192 enim
466 2154 620 2192 Cretica
641 2152 763 2206 hujus
792 2152 964 2205 nominis
991 2150 1216 2197 indicatur,
1258 2143 1462 2200 (Γόρτυν,

69 2209 276 2264 Γόρτυνος
289 2243 301 2261 ,
319 2211 655 2264 v.Bekk.-Anecd.
678 2209 816 2264 1199),
840 2209 952 2261 quod
973 2208 1130 2247 clavier
1151 2218 1313 2257 quoque
1340 2204 1460 2244 vidit.

66 2266 131 2306 Ex
147 2282 193 2306 eo
211 2268 474 2319 intelligitur,
507 2268 576 2319 qui
604 2269 784 2307 Clemens
807 2267 921 2305 Alex.
945 2265 1060 2304 Adm.
1092 2278 1133 2316 p.
1158 2267 1212 2306 31
1245 2268 1285 2300 et
1307 2262 1465 2301 Plinius'

67 2325 255 2374 XXXVI,
277 2328 305 2368 4
322 2339 364 2378 p.
384 2328 468 2371 335
489 2326 577 2378 Bip.
605 2324 868 2374 tradiderint,
909 2322 1126 2375 Scyllidem
1154 2333 1202 2360 ac
1230 2319 1462 2372 Dipoenum

71 2379 266 2422 Cretenses
291 2383 428 2423 fuisse.
518 2383 727 2422 Caeterum
757 2386 929 2437 γυναῖκα
947 2381 990 2421 ἐκ
1012 2378 1217 2431 Γόρτυνος
1238 2378 1374 2430 λαβεῖν
1391 2389 1460 2415 re·-

67 2445 132 2479 cte
152 2439 251 2490 dici,
282 2448 449 2492 apparet
472 2455 522 2480 ex
539 2442 611 2490 iis,
642 2453 744 2492 quae
763 2440 815 2478 ad
834 2439 885 2487 II,
905 2442 945 2486 6,
971 2441 1000 2480 2
1022 2436 1073 2475 de
1112 2434 1284 2473 formula
1312 2433 1461 2487 ἔγημεν

66 2496 108 2546 ἐξ
150 2493 351 2550 Ἀθηνῶν
401 2504 573 2552 γυναῖκα
626 2499 815 2536 adnotata
863 2501 966 2533 sunt.
1036 2494 1216 2544 Corayus
1266 2490 1459 2543 conjecit}

66 2551 189 2596 τοῦτό
205 2556 240 2595 τ’
261 2556 354 2597 ἐστι.
386 2556 499 2604 Quae
522 2555 565 2593 h.
584 2555 612 2594 l.
633 2555 683 2595 de
705 2554 854 2610 Euryto
884 2558 924 2591 et
946 2549 1082 2591 Cicato
1113 2554 1352 2597 narrantur,
1393 2548 1463 2586 fu-

14 2606 19 2616 *
59 2610 152 2650 'sius
183 2621 445 2665 exponuntur
471 2613 519 2662 V,
561 2617 599 2661 1,
624 2617 664 2656 2.
693 2618 732 2656 8.
771 2612 919 2665 Τριτοῦ
945 2607 1063 2647 Vind.
1080 2607 1207 2657 Mosq.
1235 2606 1293 2644 sic
1318 2611 1460 2657 postea

68 2682 231 2721 quoque
247 2670 288 2723 ᾗ.
314 2674 351 2712 4.
373 2670 671 2721 sed‘vulgata‘m
695 2670 852 2721 Τρητοῦ
870 2664 1129 2705 retinendam*
1142 2676 1249 2711 esse,
1278 2668 1388 2715 patet
1409 2673 1462 2700 ex

32 2727 39 2734 ²
68 2727 234 2766 Hesiodi
257 2726 406 2779 Theog.
432 2732 510 2772 331
535 2734 573 2766 et
591 2726 708 2765 Diod.
737 2727 775 2763 S.
796 2724 862 2773 IV,
886 2727 952 2772 11,
978 2725 1150 2776 quorum
1168 2720 1368 2772 posterior
1385 2719 1461 2756 do-

68 2792 154 2836 cet,
187 2784 347 2824 Tretum
364 2791 542 2823 mentem
567 2797 653 2825 esse
674 2784 779 2823 inter
798 2782 986 2835 Mycenas
1008 2785 1047 2820 et
1067 2779 1267 2829 Nemeam,
1288 2777 1463 2818 dictum·
