1708 3086
189 251 246 291 72
466 291 475 296 ,
763 244 1011 293 ‚ATTIKA

197 359 328 404 ἐστιν.
382 353 610 415 Ἀγλαύρῳ
637 355 686 401 δὲ
710 356 788 402 καὶ
814 362 909 410 ταῖς
942 356 1179 416 α’δελφαῖς,
1194 357 1340 417 Ἕρσῃ
1372 356 1449 403 καὶ
1474 360 1613 406 Πανί,

202 425 374 486 δρόσῳ,
415 427 577 471 δοῦναί
612 439 752 483 φασιν
774 424 968 484 Ἀθηνᾶν
989 424 1293 484 Ἐριχθόνιον,
1322 433 1597 475 καταθεῖσαν

201 498 246 550 ἐς
266 494 457 558 κιβωτὸν
468 528 480 548 ,
511 494 788 541 ἀπειποῦσαν
805 496 867 547 εἰς
885 494 966 554 τὴν
981 495 1360 554 παρακαταθήκην
1377 495 1442 554 μὴ
1459 503 1596 544 πολυ-

201 569 486 622 πραγμονεῖν.
546 563 817 620 Πάνδροσον
837 563 919 621 μὲν
938 564 992 622 δὴ
1010 564 1189 622 λέγουσι
1209 568 1465 612 πείθεσθαι·
1491 611 1493 613 ,
1515 565 1597 620 τὰς

202 634 253 680 δὲ
273 633 356 679 δύο
388 632 578 690 (ἀνοῖξαι
596 630 682 689 γὰρ
707 637 826 691 σφᾶς
843 632 924 691 τὴν
942 633 1151 691 κιβωτὸν)
1181 637 1417 691 μαίνεσθαί
1435 652 1482 681 τε
1490 659 1509 690 ,-
1534 634 1597 690 ὥς
1660 633 1662 637 '

203 701 326 749 εἶδον
353 701 432 747 τὸν
466 699 768 758 Ἐριχθόνιον,
796 701 874 746 καὶ
899 701 1012 747 κατὰ
1043 706 1120 761 τῆς
1149 701 1458 762 ἀκροπόλεως,
1489 704 1611 751 ἔνθα

202 766 259 830 ἦν
282 770 471 828 μάλιστα
499 768 751 827 ἀπότομον,
784 764 921 824 αὐτὰς
953 773 1101 829 ῥίψαι·
1160 772 1272 818 κατὰ
1287 776 1421 819 τοῦτο
1442 774 1600 819 ἐπανα-

205 840 359 900 βάντες
386 841 540 897 Μῆδοι
569 837 903 896 κατεφόνευσαν
929 840 1175 899 Ἀθηναίων
1203 840 1309 895 τοὺς
1340 841 1478 887 πλέον
1494 858 1536 888 τι
1552 842 1599 899 ἐς
1652 866 1663 869 ·

205 908 285 954 τὸν
310 906 508 967 χρησμὸν
539 907 568 966 ἢ
601 911 894 967 Θεμιστοκλῆς
924 911 1087 955 εἰδέναι
1108 911 1392 967 νομίζοντας,
1421 912 1498 956 καὶ
1519 910 1601 969 τὴν

205 975 453 1035 ἀκρόπολιν
474 976 621 1030 ξύλοις
643 977 718 1022 καὶ
740 984 950 1036 σταυροῖς
973 978 1342 1036 ἀποτειχίσαντας.
1404 980 1465 1037 (3)
1495 985 1602 1039 πλη-

207 1049 307 1092 σίον
329 1047 376 1092 δὲ
403 1046 680 1104 Πρυτανεῖόν
699 1047 816 1092 ἐστιν
824 1081 836 1101 ,
867 1048 915 1092 ἐν
936 1043 972 1106 ᾦ
990 1047 1123 1106 νόμοι
1152 1065 1198 1093 τε
1216 1050 1260 1093 οἱ
1284 1047 1498 1101 Σόλωνός
1515 1051 1600 1095 εἰσι

204 1113 525 1173 γεγραμμένοι,
569 1116 646 1160 καὶ
682 1119 802 1160 θεῶν
842 1116 1038 1176 Εἰρήνης
1080 1116 1313 1175 ἀγάλματα
1351 1122 1490 1164 κεῖται
1525 1118 1603 1164 καὶ

201 1184 395 1238 Ἑστίας,
425 1182 683 1241 ἀνδριάντες
701 1185 748 1230 δὲ
767 1185 895 1231 ἄλλοι
917 1203 961 1231 τε
984 1187 1060 1235 καὶ
1083 1185 1342 1238 Αὐτόλυκος
1363 1185 1388 1231 ὁ
1410 1202 1606 1246 παγκρα-
1644 1208 1647 1209 ’

137 1255 194 1298 42
205 1251 394 1310 τιαστής.
453 1251 530 1304 τὰς
558 1252 644 1309 γὰρ
675 1253 931 1300 Μλτιοίδου
958 1256 1033 1299 καὶ
1063 1255 1409 1313 Θεμιστοκλέους
1431 1255 1606 1309 εἰκόνας

207 1322 250 1373 ἐς
274 1320 495 1378 Ῥωμαῖόν
527 1337 574 1366 τε
609 1318 754 1377 ἄνδρα
794 1323 868 1367 καὶ
910 1327 1065 1381 Θρᾷκα
1099 1323 1388 1381 μετέγραψαν.
1447 1326 1508 1382 (4)
1539 1325 1608 1370 ἐν·

205 1393 364 1434 τεῦθεν
401 1391 549 1434 ἰοῦσιν
576 1390 620 1442 ἐς
653 1389 708 1434 τὰ
733 1390 851 1436 κάτω
874 1396 950 1449 τῆς
973 1390 1458 1453 πόλεως,-Σαροέπιδός
1487 1393 1611 1438 ἐστιν.

207 1458 357 1515 ἱερὸν,
389 1456 443 1502 ὃν
468 1455 694 1516 Ἀθηναῖοι
723 1459 847 1516 παρὰ
876 1461 1160 1518 Πτολεμαίου
1188 1459 1299 1504 θεὸν
1323 1456 1607 1518 ἐσηγάγοντοζ

206 1527 467 1584 Αἰγυπτίοις
490 1528 539 1573 δὲ
569 1527 668 1584 ἱερὰ
682 1526 970 1585 Σαράπιδος,
1000 1528 1350 1587 ἐπιφανέστατον
1376 1528 1458 1585 μέν
1485 1529 1606 1574 ἐστιν

169 1716 174 1722 ,
205 1678 418 1718 Pandroso
445 1679 666 1728 sororibus,
697 1678 922 1719 Minervam
941 1681 1055 1720 aiunt
1073 1679 1382 1719 Erichthonium
1397 1680 1442 1719 in
1463 1679 1607 1720 cistam

145 1794 148 1799 ,
208 1748 392 1788 abditum
420 1748 691 1798 commisisse,
723 1749 962 1799 admonitis,
991 1763 1067 1799 ne,
1098 1749 1200 1802 quid
1226 1749 1336 1787 intus
1368 1741 1496 1798 esset,
1531 1761 1608 1788 cu-

207 1817 315 1858 riose
353 1807 614 1872 inspicerent.
675 1818 915 1858 Pandroson
944 1818 1107 1871 quidem
1135 1817 1319 1871 paruisse
1351 1817 1510 1867 ferunt,
1541 1815 1612 1860 sod-

207 1899 323 1926 rores
350 1899 451 1926 vero
484 1885 627 1926 cista'm
661 1887 908 1938 resignasse,
952 1887 1125 1939 visoque
1158 1885 1445 1935 Erichthonio,
1491 1886 1611 1926 furiis

208 1955 400 2006 agitatas,
432 1970 474 1995 se
505 1955 554 1994 de
576 1957 679 1995 arcis
697 1956 871 1995 maxime
893 1962 1118 2009 praerupto
1139 1955 1231 1994 loco
1259 1954 1503 2010 praecipites
1530 1955 1610 1994 mi-

207 2023 329 2062 sisse:
360 2038 409 2063 ea
443 2038 537 2064 sane
566 2032 705 2078 parte,
736 2039 818 2077 qua
841 2026 988 2068 Persae
1015 2024 1243 2077 irruptione
1268 2024 1378 2064 facta
1409 2037 1460 2062 ex
1479 2022 1610 2075 Athe-

206 2091 416 2131 n’iensibus
444 2107 531 2143 eos,
563 2094 632 2146 qui
662 2107 705 2133 se
728 2108 847 2146 quam
877 2093 1186 2133 Themistoclem
1208 2093 1420 2131 oraculum
1448 2091 1608 2130 acutius

209 2159 462 2200 intellexisse
487 2162 694 2211 arbitrati,
725 2176 859 2201 arcem
890 2162 1030 2213 ligneis
1050 2161 1241 2214 operibus
1257 2160 1504 2209 munierant,
1535 2166 1610 2198 οσ-

209 2229 408 2272 ciderunt.
470 2227 531 2284 (3)
547 2230 734 2270 Proxime
765 2231 878 2270 abest
897 2232 1164 2283 Prytaneum‚
1194 2230 1237 2268 in
1252 2242 1333 2282 quo
1357 2228 1518 2267 Solonis
1546 2227 1608 2267 le·-

205 2310 274 2348 ges
296 2299 547 2353 perscriptae
576 2299 854 2340 adservantur.
912 2299 1032 2351 Signa
1059 2313 1202 2339 verum
1228 2298 1408 2352 deorum*
1439 2297 1496 2335 ibi
1526 2309 1608 2349 po-
1684 2341 1687 2345 .

207 2367 304 2416 sita,
336 2367 453 2407 Pacis
482 2375 523 2407 et
553 2368 711 2407 Vestae.
770 2369 961 2409 Virorum
997 2371 1188 2420 imagines
1198 2398 1209 2417 ‚
1256 2381 1381 2421 quum
1410 2365 1607 2414 aliorum,

210 2441 296 2475 tum
314 2436 507 2490 Autolyci
533 2437 844 2491 Pancratiastae.
903 2439 1006 2478 Nam
1037 2437 1229 2477 Miltiadis
1258 2443 1298 2476 et
1325 2431 1607 2475 Themistoclis

209 2513 391 2557 statuas,
420 2508 551 2560 priori
584 2507 734 2547 abolita
757 2506 1045 2559 inscriptione,
1079 2508 1259 2545 Romano
1290 2512 1334 2544 et
1352 2502 1499 2542 Thraci
1527 2500 1608 2540 ho-

208 2576 307 2615 mini
334 2577 620 2617 attribuerunt.
683 2573 745 2629 (4)
771 2575 878 2613 Hinc
908 2576 962 2614 ad
989 2575 1201 2616 inferiores
1221 2574 1334 2615 urhis
1366 2578 1506 2625 partes
1532 2570 1608 2608 ‹le-

209 2644 493 2686 scend‘entibus
528 2644 733 2698 Serapidis
757 2644 896 2684 fanum
925 2659 969 2684 se
996 2643 1194 2693 ostendit,
1226 2642 1341 2682 cuius
1371 2639 1608 2689 religionem

209 2728 234 2752 a
253 2714 482 2754 Ptolemaeo
511 2713 775 2753 Athenienses
809 2719 1065 2766 acceperunt.
1125 2711 1251 2765 Apud
1279 2710 1500 2761 Aegyptios
1533 2719 1607 2746 au·-

207 2789 290 2824 tem
309 2782 518 2841 complura
536 2792 628 2824 sunt
651 2782 736 2823 eius
758 2781 822 2823 dei
839 2782 1012 2836 templa,
1043 2779 1112 2822 secl
1127 2780 1302 2821 omnium
1344 2777 1608 2834 clarissimum
