1708 3086
598 246 983 283 PRAEFATlo.
1361 270 1365 279 .
1439 246 1490 278 xt

94 350 301 414 donario
331 347 562 415 inscripta
587 347 755 412 fuisse,
790 345 1048 416 ‚Olympiae
1071 362 1100 396 a
1131 344 1328 398 Graecis
1354 343 1490 398 dedi-

95 435 220 484 cato,
251 420 456 486 legimus
485 418 548 480 V,
571 423 638 472 28
662 415 764 469 init.
788 415 901 477 VII,
933 421 983 477 6,
1019 421 1064 469 8.
1138 412 1388 464 similibus
1422 414 1491 463 vi-

95 489 240 541 detur
280 488 535 541 Pausanias
584 485 830 538 indicibus
870 503 984 538 usus
1024 501 1124 533 esse
1165 483 1204 547 I,
1236 486 1322 547 25,
1354 490 1400 538 4.
1423 484 1491 546 X,

92 563 182 623 20,
219 566 270 623 β,
301 558 404 620 ubi,
437 556 523 623 qui
559 570 727 607 contra
757 555 1052 607 Macedones
1079 553 1371 620 Galatasque
1404 572 1492 620 pu-

94 643 298 699 gnatum
326 627 548 679 venerint
568 625 759 686 Graeci,
797 639 1028 676 recenset.
1102 623 1150 674 A
1176 622 1492 685 donariishau-

94 713 195 757 tem
215 738 220 755 2
243 713 548 765 operumque
595 695 993 762 inscriptionibus
1042 707 1165 761 quot
1220 692 1494 742 testimonia

91 767 266 835 petivit
282 766 565 818 Pausanias!
613 784 820 833 quarum
843 765 957 815 alias
988 761 1333 829 transscripsit,
1380 761 1494 814 alias

93 838 147 894 in
183 855 283 904 quo
315 838 427 887 loco
468 850 708 887 exstarent
738 835 971 885 ostendit.
1051 832 1151 883 Sed
1186 832 1238 880 in
1262 831 1338 880 his
1371 849 1503 897 quos

94 911 198 974 que
231 906 383 956 titulis
423 919 566 969 sunt,
606 906 781 974 quibus
821 925 882 954 an
931 902 1159 955 habenda
1204 901 1327 952 fides
1371 914 1495 949 esset

95 975 346 1040 dubitavit,
383 975 536 1027 veluti
564 976 630 1038 X,
663 981 747 1037 36,
777 979 825 1036 4,
863 974 949 1023 uhi
981 973 1065 1022 ait:
1102 977 1149 1024 εἰ
1171 969 1401 1039 ἀληθεύει
1432 967 1496 1022 w*

94 1048 400 1113 ἐπίγραμμα·’
435 1062 597 1112 neque
642 1045 773 1094 enim
817 1043 1080 1111 ignoravit,
1127 1058 1268 1107 saepe
1308 1039 1499 1095 εἰκόνας

92 1113 570 1182 μετεπιγεγράφθαι.
607 1133 650 1165 v.
670 1114 1028 1163 Adnotationes
1050 1110 1111 1160 ad
1134 1112 1173 1173 I,
1206 1118 1255 1173 ἓ,
1279 1115 1312 1161 4
1340 1129 1388 1176 p.
1416 1114 1493 1161 10.

92 1181 238 1245 anius
268 1184 598 1252 inscriptionis
647 1183 927 1236 testimonio
967 1181 1299 1234 testimonium
1341 1197 1496 1248 oppo-

93 1253 168 1306 nit
191 1253 400 1308 aliorum
429 1254 492 1317 V,
522 1259 571 1315 4,
606 1259 652 1308 4.

234 1322 428 1374 Deinde
449 1330 617 1390 poetas
647 1340 908 1388 rerumque
932 1322 1187 1389 scriptores
1215 1322 1390 1369 crebro
1411 1319 1494 1368 ad·
1555 1335 1557 1338 ·

93 1388 278 1452 hibitus
308 1410 408 1445 esse
437 1412 463 1442 a
492 1393 750 1455 Pausania,
795 1393 871 1441 vel
898 1390 1047 1441 index
1078 1392 1378 1456 scriptorum
1407 1388 1496 1439 doe·

94 1481 207 1515 cere
236 1475 400 1528 potes-t
441 1482 468 1510 a
492 1461 726 1510 Pausania
758 1462 1065 1525 laudatorum
1101 1459 1397 1509 notissimus:
1443 1458 1498 1509 in

93 1528 173 1592 his
219 1545 383 1580 autem
413 1536 639 1581 IIomero
685 1530 955 1597 Plurimum
1001 1547 1050 1578 sc
1100 1549 1155 1579 ac
1197 1529 1306 1596 plus
1348 1546 1498 1595 quam

92 1601 215 1651 alios
267 1600 506 1662 tribuere,
560 1601 668 1667 ipse
712 1600 962 1666 professus
1008 1612 1080 1650 est
1119 1599 1196 1661 ΙΙ,
1255 1602 1319 1651 21
1378 1611 1496 1646 extr.

94 1670 564 1721 Winckelmannum
618 1669 713 1721 hac'
755 1669 807 1717 in
858 1687 913 1719 rc
966 1682 1137 1718 nactus
1195 1668 1498 1722 imitatorem,

97 1736 236 1800 Quae
274 1759 449 1807 magna
489 1753 560 1788 est
597 1738 914 1807 significatio,
973 1739 1254 1790 Pausaniam
1293 1737 1353 1785 ab
1395 1736 1498 1785 aliis
1533 1758 1537 1761 ’

96 1809 270 1862 tradita
303 1809 583 1859 auctoribus
625 1827 726 1859 non
759 1823 941 1860 temere
986 1806 1497 1875 a1·1·ipuisse3,quibus

96 1878 236 1947 quod
260 1880 475 1945 pretium
511 1878 848 1941 statuendum,
897 1892 946 1926 et
975 1898 1036 1927 an
1067 1896 1181 1927 vera
1221 1889 1382 1926 esseut.
1416 1894 1498 1925 eo·-
1524 1934 1527 1938 ⁴

96 1966 206 1999 rum
237 1966 397 2017 opera,
433 1967 645 2015 quorum
674 1948 956 1997 nominibus
989 1947 1389 2006 inscriberentur,
1425 1962 1497 1994 se-

95 2018 219 2073 dulo
253 2019 544 2085 quaesivisse
585 2018 985 2084 deprehenditur.
1065 2017 1217 2069 Notat
1253 2016 1499 2084 Hierony-

95 2105 232 2143 mum
274 2087 570 2142 Cardianum
613 2102 662 2137 et
706 2085 965 2139 Philistum
1004 2086 1054 2148 Ι,
1103 2092 1160 2148 9,
1202 2090 1280 2139 10.
1321 2090 1412 2145 13,
1449 2090 1499 2145 8,

91 2156 236 2223 ‘quod
266 2157 347 2208 ille
371 2157 573 2224 quidem
602 2171 657 2206 ut
687 2156 802 2207 odio
835 2157 885 2207 in
921 2156 1041 2207 allos
1065 2174 1204 2223 reges
1232 2155 1500 2203 inflamma-

97 2239 176 2275 tus
209 2228 465 2293 scripserit,
501 2227 839 2294 itaAntigoni
870 2226 1070 2291 gratiam
1102 2224 1381 2292 captaverit,
1415 2221 1499 2270 hic

100 2310 261 2346 autem
294 2297 518 2364 Dionysii
557 2296 734 2365 flagitia
776 2294 1159 2356 dissimulaverit.
1232 2294 1372 2351 Quae
1409 2290 1498 2352 VI,

101 2369 153 2426 7,
196 2370 230 2416 2
266 2382 324 2413 ex
361 2366 682 2416 Androtionis
711 2365 919 2417 Atthide
958 2364 1184 2433 protulit,
1240 2379 1355 2413 vera
1395 2377 1498 2410 esse

100 2450 263 2500 neque
300 2435 537 2483 affirmans
587 2453 751 2502 neque
801 2452 984 2503 negans
1037 2447 1177 2482 caute
1224 2428 1496 2495 subjungit:

104 2507 153 2555 εἰ
192 2501 278 2554 τόν
325 2503 447 2555 ὄντα
483 2505 614 2554 εἶπεν
658 2505 961 2571 Ἀνδροτίων
1005 2501 1164 2567 λόγων.
1264 2498 1499 2547 Criticum
1551 2520 1563 2526 ’

106 2571 357 2639 egregium
402 2589 451 2621 se
499 2572 763 2623 ostendisse
806 2572 1087 2623 Pausaniam
1127 2570 1179 2620 in
1219 2566 1398 2633 judicio
1435 2566 1497 2616 de

107 2639 298 2707 Orphei
338 2651 385 2688 et
425 2640 615 2691 Musaei
652 2641 943 2691 carminibus
978 2641 1018 2699 I,
1056 2644 1148 2700 14,
1200 2637 1262 2685 de
1292 2636 1499 2686 Homeri

106 2708 361 2759 Thebaide
390 2710 480 2771 IX,
522 2715 570 2772 9,
621 2711 681 2760 de
722 2709 927 2759 Hesiodi
967 2710 1010 2757 T
1013 2707 1258 2773 heogonia
1285 2707 1375 2768 IX,
1411 2711 1496 2767 27,

108 2798 210 2830 uon
240 2793 311 2829 est
337 2797 424 2829 cur
452 2797 541 2847 nos
564 2778 799 2846 dieamus,
836 2795 989 2850 quum
1010 2775 1335 2832 Ruhnkenius
1367 2775 1499 2823 dixe-
