1708 3086
501 245 552 289 A
579 244 624 287 n<
673 245 717 287 L.
785 245 826 287 1.
891 244 1060 289 cAr.
1119 248 1180 292 11.
1493 255 1560 316 11v

146 361 284 408 malim
301 359 386 414 αὖ,
406 360 535 419 Ῐιιζτια
554 379 664 414 eam,
695 370 743 403 ut
773 362 842 412 111,
875 364 943 412 24,
966 365 1005 405 4.
1026 362 1075 412 V,
1099 368 1167 414 22,
1190 369 1228 408 2.
1254 365 1304 405 d'e
1326 380 1406 420 qua
1423 366 1546 421 hujus

145 422 454 478 praepositionis
485 422 773 474 significatione
801 426 920 460 notae
952 427 1044 460 sunt
1067 422 1318 475 Wesselingii
1349 425 1400 464 ad
1430 426 1546 467 Diod.

146 480 226 520 sic.
244 479 312 530 IV,
334 483 390 524 78
409 486 449 519 et
468 479 668 519 Perizonii
689 480 741 519 ad
757 478 908 519 Aelian.
938 478 984 518 V.
1008 478 1058 518 H.
1078 479 1129 528 ΙΙ,
1167 482 1223 525 25
1256 483 1549 524 adnotationem

147 537 297 591 Corayi
315 536 541 577 emendatio
564 539 662 580 καθ’
695 534 825 591 ἤνπερ
855 533 931 590 τὴν
954 550 1053 576 vcra
1071 550 1154 577 non
1175 552 1261 578 esse
1285 540 1403 580 nobis
1431 541 1549 582 vide-

146 603 228 639 tur.
289 595 612 637 construendum
633 609 719 635 esse
747 597 896 650 δρᾶσαι
914 591 1078 648 τελετὴν
1109 593 1222 649 παρὰ
1244 595 1318 649 τὴν
1339 599 1381 640 ἐν
1400 592 1549 640 Ἐλευ-

148 659 254 705 σῖνι,
286 659 327 693 et
345 650 459 707 παρὰ
479 653 723 693 Accusativo
748 653 935 706 junctum
959 665 1075 705 saepe
1104 654 1327 705 significare
1357 658 1549 696 imitatio*-

146 723 257 762 nem,
283 709 490 752 S'chaefen'
511 712 740 752 observatio
761 717 822 750 est
840 710 890 752 ad
910 711 1096 762 Apollon-
1117 711 1249 753 Rhod.
1269 727 1310 766 p.
1330 718 1427 758 228.
1457 714 1551 754 Fuit

149 775 283 810 autem
310 767 414 811 haec
449 769 620 810 imitatio
649 783 732 809 non
772 769 874 808 seria
909 767 980 807 sed
997 769 1161 821 jocosa,
1186 770 1335 811 dicitur
1354 773 1459 813 enim
1476 787 1551 824 μυ-

149 828 328 883 στηρίων
347 829 445 880 παρ’
468 825 584 870 οἶνον
598 823 856 880 ἆπομίμησις
878 825 1098 867 Plutarcho
1117 827 1159 866 in
1179 827 1388 870 Alcibiade
1419 845 1453 869 c.
1482 834 1550 873 19.

149 884 221 925 ubi
252 884 372 924 etiam
401 885 564 939 quidam
583 884 732 924 horum
761 880 840 926 οὐκ
861 881 1155 936 ἀφανεστάτων
1181 887 1451 929 nominantur.
1482 888 1552 927 In-

148 942 290 997 primis
302 942 385 982 huc
402 943 580 996 pertinet
599 942 747 991 Suidae
762 943 879 983 loeus
898 956 938 981 v.
963 938 1249 997 ἐξωρχησάμην
1262 955 1271 965 ·
1298 941 1354 987 ‘0
1374 945 1417 988 δὲ
1435 940 1551 1000 (Ἀλ-

148 995 361 1054 κιβιάδης)
400 999 630 1054 μεθυσθεὶς
655 1000 698 1042 ἐν
729 1002 781 1055 τῇ
806 1001 915 1056 οἰκίᾳ
944 1001 1210 1050 Πολυτίωνος
1231 1005 1308 1044 τοῦ
1323 1004 1553 1057 παρασίτου

148 1054 199 1099 τὰ
229 1054 434 1112 μυστήρια
460 1054 736 1112 ἐξωρχήσατο,
778 1051 869 1099 ἀντὶ
899 1059 972 1099 τοῦ
1001 1057 1330 1113 ἔξεμυκτήρισεν,
1372 1061 1554 1104 ἔκπυστα

149 1113 357 1168 ἐποίησεν.
391 1115 442 1154 cf.
458 1115 713 1158 Phavorinus
736 1115 778 1154 h.
798 1129 838 1154 v.
858 1116 972 1155 Licet
1001 1129 1096 1166 ergo
1125 1131 1362 1171 comparare
1380 1120 1554 1160 verbum

149 1177 398 1225 παραποιεῖν
419 1173 469 1212 de
487 1174 714 1214 istiusmodi
734 1173 956 1213 imitatione
979 1174 1159 1227 positum
1184 1177 1294 1228 apud
1302 1176 1555 1220 Athenaeum

149 1230 240 1280 XII,
274 1234 371 1277 513.
404 1245 439 1269 a.
465 1231 650 1284 Amplam
680 1230 1012 1283 magnificamque
1044 1232 1168 1271 fuisse
1195 1232 1301 1273 hanc
1330 1236 1554 1289 Polytionis

152 1287 342 1338 domum,
374 1295 540 1341 apparet
562 1303 613 1329 ex
629 1290 702 1338 iis,
735 1302 837 1341 quae
858 1289 1058 1339 congessit
1077 1289 1276 1330 Mem-sius
1294 1293 1336 1333 in
1360 1293 1465 1333 Ath:
1482 1294 1557 1333 At-
1621 1324 1626 1329 ,

151 1345 220 1384 tic.
242 1345 273 1394 I,
297 1350 336 1389 3.
359 1345 553 1386 Scholion
567 1347 612 1385 in
631 1346 863 1398 Mosquensi
884 1345 1008 1385 habet
1029 1347 1224 1399 quaedam
1262 1349 1313 1395 de
1342 1350 1557 1391 Eleusiniis

153 1408 195 1441 et
216 1401 299 1443 hoc
315 1402 569 1456 adjunctum:
601 1403 766 1446 ἐτελεῖτο
785 1403 828 1446 δὲ
847 1403 917 1445 καὶ
939 1398 1050 1457 ἆγών
1075 1404 1299 1459 θυμιτικὸς
1327 1405 1439 1463 παρὰ
1467 1404 1562 1450 Aah

152 1472 293 1502 κωσιν.
305 1461 378 1500 ubi
397 1460 509 1500 haud
527 1461 650 1501 dubie
669 1461 955 1513 corrigendum
970 1460 1203 1512 θυμελικός.
1214 1477 1252 1503 V.
1265 1464 1433 1506 Mem-sii
1441 1467 1556 1523 Misc.

152 1517 301 1557 Lacon.
310 1518 360 1568 ΙΙ,
376 1523 440 1563 13.
452 1519 495 1558 in
505 1518 712 1571 Ilesychio
730 1521 876 1568 tamen,
896 1532 1015 1571 quem
1023 1519 1174 1571 laudat,
1195 1524 1376 1575 reperire
1386 1539 1469 1565 non
1479 1540 1559 1578 po·-

154 1575 214 1614 tui
238 1575 387 1617 locum.
409 1575 451 1618 δὲ
461 1583 552 1616 ante
565 1573 702 1619 ἀνεῖτο
714 1575 1062 1617 deestinVindob.
1073 1578 1259 1618 Bacchus
1283 1579 1560 1635 Μελπόμενος

153 1632 302 1673 iterum
323 1637 376 1678 31
402 1640 503 1672 extr.
527 1634 600 1672 ubi
631 1647 671 1673 v.
704 1634 795 1672 adn.
825 1633 1005 1675 ἐνταῦθα
1023 1652 1060 1676 κ.
1079 1639 1111 1676 λ.
1133 1638 1177 1675 in
1194 1636 1271 1677 hac
1291 1636 1432 1690 domo,
1451 1652 1560 1681 nuno

80 1691 83 1699 ”
152 1687 320 1730 Baccho
331 1701 577 1731 consecrata.
603 1688 775 1744 Ἀθηνᾶ
792 1689 992 1734 ῙΙαιωνία
1010 1699 1070 1733 est
1080 1692 1271 1734 Minerva
1281 1695 1451 1739 medica.
1477 1700 1559 1738 Ea-

156 1746 250 1794 dem
264 1761 350 1800 cap.
371 1751 440 1797 34,
465 1753 493 1792 2
522 1763 616 1788 cum
645 1744 806 1805 ’Τγιείᾳ
839 1749 979 1801 juncta
1008 1751 1274 1802 memoratur,
1315 1760 1355 1793 et
1377 1751 1562 1811 ι’Τγιείας

157 1817 380 1856 cognomen
398 1805 543 1845 habuit
564 1807 610 1846 in
634 1805 780 1846 Attica.
803 1806 896 1845 vide
915 1811 983 1856 31,
1007 1813 1045 1852 3.
1058 1812 1126 1858 22,
1149 1811 1187 1853 5.
1207 1808 1432 1865 ’'Anottwv
1453 1830 1560 1857 τε...

150 1856 431 1916 Ἐνβουλίδου
450 1863 607 1903 Monac.
636 1862 865 1903 Eubulidae
882 1864 987 1903 filius
1012 1865 1176 1917 Euchir,
1197 1869 1414 1909 statuarius
1432 1869 1563 1913 Athe-

157 1919 307 1959 niensis
327 1919 517 1959 laudatur
546 1921 651 1970 VIII,
672 1923 740 1969 14,
759 1924 798 1962 7.
825 1921 895 1962 καὶ
916 1923 1076 1974 δαίμων
1091 1946 1151 1954 --
1173 1925 1319 1983 τοίχῳμ
1363 1928 1471 1981 Ergo
1496 1931 1561 1970 sa·-

159 1977 242 2016 cies
274 1983 431 2017 tantum
452 1977 575 2032 hujus
595 1978 736 2018 Aerati
757 1977 1009 2033 (Maschera)
1030 1980 1221 2021 exstabat
1240 1999 1261 2022 e
1277 1987 1450 2039 pariete,
1495 1986 1562 2028 illi

158 2035 319 2075 inserta.
377 2035 538 2088 Nibby:
580 2034 615 2075 il
631 2034 740 2075 volte
775 2037 977 2076 incassato
1010 2035 1077 2077 nel
1104 2053 1231 2079 muro.
1292 2042 1410 2082 Teste
1440 2045 1564 2097 Pele,-

159 2105 278 2131 mone
293 2093 400 2145 apud
423 2092 672 2133 Athenaeum
693 2093 744 2142 Η,
766 2097 806 2141 3,
823 2096 878 2138 39
899 2107 932 2131 0-
954 2094 991 2133 d·
1013 2095 1057 2133 in
1075 2096 1294 2148 Munychia
1318 2100 1460 2142 similis
1486 2101 1563 2144 he·-

160 2162 250 2198 r08‚
290 2150 585 2204 Acratopotes,
625 2150 846 2191 colebatur.
887 2151 1078 2204 Ejusdem
1106 2153 1303 2196 Athenaei
1331 2157 1446 2198 locus
1468 2159 1561 2216 XII,

161 2209 246 2251 533
267 2222 301 2246 c.
326 2207 541 2247 obscurior
560 2215 642 2258 est,
666 2221 787 2261 quam
810 2222 929 2260 quem
945 2209 1027 2249 huc
1052 2213 1256 2264 pertinere
1289 2228 1382 2254 cum
1412 2212 1564 2258 casauss

161 2264 270 2305 bono
294 2265 486 2304 dicamus.
516 2263 563 2308 τό
582 2270 658 2308 τοῦ
678 2262 890 2308 Διονύσου
911 2267 1073 2321 τέμενος
1093 2277 1152 2308 est
1169 2271 1240 2310 illa
1268 2272 1357 2324 ipsa
1378 2274 1564 2327 Polyfioa-

162 2321 226 2361 nis
247 2322 402 2364 domus.
435 2323 764 2378 οῗκημα--ἕχων
778 2324 934 2363 Monac.
955 2320 1162 2380 ἀγάλματα
1181 2328 1224 2369 ἐκ
1239 2333 1376 2382 πηλοῦ
1403 2347 1459 2372 ex
1485 2341 1565 2373 ειν-’-

161 2376 266 2448 kima
295 2380 368 2419 sed
394 2394 473 2419 non
506 2391 625 2421 cocta
638 2397 655 2435 ‚-
714 2395 766 2421 ex
790 2380 870 2424 hac
892 2383 997 2424 enim
1018 2397 1119 2436 quae
1137 2391 1271 2436 erant,
1325 2386 1564 2432 dicebantur

165 2434 376 2490 αγάλματα
396 2432 524 2490 ὄπτῆς
539 2442 628 2494 γῆς,
647 2445 696 2477 ut
718 2453 805 2492 cap.
831 2444 872 2489 3,
911 2445 949 2489 1,
972 2454 1043 2480 seu
1073 2435 1306 2497 ὀστράκινα.
1365 2446 1565 2490 Notabilis

167 2499 230 2532 est
247 2494 362 2534 locus
384 2493 630 2535 Artemidori
656 2496 706 2546 ΙΙ,
729 2501 785 2541 39
805 2511 843 2550 p.
862 2501 946 2540 224
970 2499 1071 2539 Reif.
1101 2496 1151 2540 τὰ
1186 2498 1335 2556 γήϊνα,
1377 2500 1566 2561 ὀστράκι-

169 2565 222 2591 να
240 2552 309 2592 καὶ
325 2549 478 2605 πήλινα
497 2549 703 2608 ἀγάλματα
731 2554 979 2606 distinguens
998 2571 1018 2594 e
1036 2566 1158 2607 zerra,
1198 2573 1254 2598 ex
1283 2559 1436 2615 argilla
1461 2559 1568 2604 tosta

171 2616 207 2645 et
228 2607 376 2662 argilla
389 2601 469 2648 ‘non
490 2620 609 2650 tosta.
641 2611 776 2650 Verba
793 2606 1125 2664 ’Λμφικτύων-
1138 2612 1347 2660 Διόνυσον
1366 2618 1568 2673 interpre-

168 2666 281 2704 tatur
300 2665 343 2703 C.
365 2664 412 2704 O.
432 2665 600 2707 Mueller
633 2668 683 2707 de
702 2668 883 2709 Minerva
911 2670 1076 2710 Poliade
1095 2685 1135 2723 p.
1169 2677 1189 2714 1
1220 2673 1567 2729 Amphictyonem,

172 2736 263 2760 cum
278 2720 449 2776 populos
467 2724 774 2780 circumquaque
799 2725 1022 2766 habitantes
1051 2729 1094 2768 in
1119 2728 1254 2771 urbe-m
1289 2744 1454 2786 cogeret,
1486 2726 1573 2774 ‹Isi'c'i

177 2776 270 2820 deos
297 2777 506 2834 plerosque
534 2779 706 2835 hospitio
734 2784 952 2836 ae›.2rcqoz‘sse,¹
1007 2784 1234 2828 Articulum
1272 2795 1363 2831 ante
1391 2789 1496 2835 θεὸν
1527 2793 1570 2833 in
