1708 3086
150 207 209 251 56
491 202 1206 252 AnNoTATIONEs

152 321 252 375 Byz.
271 320 343 362 sed
359 316 543 374 Ἀφίδνα
565 323 674 376 apud
692 323 808 364 Diod
827 322 906 362 Sic.
933 322 1000 372 lv,
1030 327 1100 368 68.
1134 329 1176 363 et
1201 320 1374 364 Phavor
1406 323 1546 365 Μενε-

155 377 258 420 σθέα
278 378 344 422 ἐπὶ
372 380 551 437 βασιλεία
577 378 818 435 κατήγαγον.
855 393 940 420 non
965 352 1232 446 significatur,
1268 376 1546 420 Menestheum

156 442 274 477 antea
291 421 541 477 Athenarum
559 452 692 490 regem
713 439 838 478 fuisse
851 467 863 488 ,
922 437 995 477 sed
1030 438 1066 477 ei
1085 451 1253 490 regnum
1271 433 1546 486 Athenarum,

158 492 272 550 quod
287 493 542 534 Erechthidis
559 510 633 549 per
653 496 829 547 Aegeum
850 500 889 535 et
907 494 1118 544 Theseum,
1156 509 1258 548 quos
1295 494 1421 535 iidem
1451 507 1549 533 cum

159 564 233 591 sua
254 558 368 607 gente
392 560 580 603 cognatos
599 554 820 605 negabant,
861 559 1045 605 ereptum
1066 552 1281 594 videbatur
1316 552 1552 592 dicebatur-

161 621 262 660 que,
289 609 520 649 restitutum
543 625 639 651 esse.
671 624 709 650 v.
731 609 936 650 Plutarch.
957 609 1075 650 Thes
1098 613 1164 655 13
1185 615 1255 656 81.
1273 611 1389 650 Paus.
1406 609 1458 659 11,
1478 606 1550 658 25,

160 669 202 710 5.
226 665 606 722 τῶνμέν-λόγον.
634 668 684 707 cf.
703 667 906 708 Plutarch.
928 666 1046 706 Thes.
1077 670 1145 712 84.
1206 667 1418 722 Θησέα-
1438 662 1552 708 ἄπω-

163 725 326 777 σθῆναι.
339 726 389 763 cf.
412 725 636 765 Hemsterh.
658 725 710 764 ad
731 724 938 779 Aristoph.
957 725 1063 764 Plut.
1084 740 1125 778 p.
1141 728 1226 770 205
1248 740 1334 778 sqq.
1354 724 1406 764 de
1424 721 1571 764 ratio--

163 793 239 830 ne,
270 794 347 833 qua
370 782 581 822 Theseus·
570 798 613 822 m
633 783 797 824 exilium
824 783 976 836 ejectus
996 783 1072 832 sit,
1105 783 1375 824 disserentem.
1407 779 1556 823 στέλλε-

162 836 485 893 ται-Κρήτην.
546 840 635 879 Hoc
656 840 952 893 quodammodo
990 840 1254 888 confirmatur
1283 840 1349 890 id,
1391 837 1504 891 quod
1532 849 1557 878 0

164 894 380 944 Clitoderni
409 898 631 949 fragmento
657 913 698 951 p.
725 902 782 943 34
811 898 986 948 eruitur,
1025 898 1246 938 Daedalum
1289 903 1329 938 et
1354 895 1558 936 Theseum

168 965 264 991 cum
297 952 379 992 hoc
411 956 656 994 Deucalione
685 955 921 1007 cognatione
952 955 1139 1007 junctos,
1199 962 1239 996 et
1259 955 1352 995 illos
1393 952 1559 1007 quidem

167 1009 446 1062 Erechthidas‚
475 1012 586 1052 hunc
609 1019 741 1052 autem
761 1013 893 1052 Minoe
908 1013 946 1051 II
967 1020 1006 1052 et
1015 1013 1195 1066 Merope,
1223 1011 1443 1052 Erechthei
1461 1009 1559 1060 filia,

167 1073 309 1108 natum
334 1069 472 1109 fuisse.
493 1070 646 1109 Kulmii
670 1071 959 1110 co1rectionem
978 1071 1099 1110 Facio
1115 1070 1329 1123 probatam
1359 1069 1400 1112 οἱ
1424 1062 1562 1109 θάνα-

168 1122 599 1194 τον-ἐπεβούλευσεν
620 1128 778 1167 Clavier
803 1129 847 1166 in
866 1134 1100 1168 contextum
1117 1128 1274 1180 intulit5
1297 1126 1370 1166 sed
1389 1125 1562 1176 Vulgata

170 1182 216 1232 οἴ
238 1179 425 1226 θάνατον
442 1207 500 1215 -
518 1181 758 1238 ἐβούλευσεν
782 1199 865 1225 non
898 1192 984 1226 erat
1010 1185 1235 1237 movenda3
1285 1185 1344 1223 sio
1367 1179 1566 1251 Πυλάόής

166 1239 362 1294 φαίνεται
395 1244 617 1310 βουλεῦσαι
661 1243 928 1298 Νεοπτολέμῳ
956 1259 1028 1285 τον
1056 1238 1218 1296 φόνον,
1237 1248 1276 1282 et
1295 1238 1476 1309 ἠρνεῖτο,
1505 1233 1564 1291 μὴ

171 1299 395 1367 βουλεῦσαι
408 1295 540 1340 Φώκω
558 1296 745 1342 θάνατον
763 1300 812 1350 II,
836 1303 905 1350 29,
928 1302 956 1344 7
970 1303 1117 1353 p-179
1134 1306 1174 1339 et
1195 1302 1289 1344 180
1321 1293 1451 1352 Φώκῳ
1475 1299 1568 1347 Πη-

171 1352 263 1403 λεύς
283 1353 492 1409 ἐβούλευσε
513 1342 598 1399 τοῦ
618 1358 714 1411 βίον
734 1355 809 1410 τήν
829 1354 1020 1426 τελευτήν
1041 1359 1095 1406 Χ,
1119 1361 1189 1406 50,
1207 1361 1246 1400 2.
1266 1355 1368 1396 adde
1377 1339 1566 1406 ΧΘΠΟΡῙΒ

173 1411 440 1463 Anab.11,5,
467 1418 520 1458 16
541 1415 633 1453 coll.
659 1429 754 1455 cum
782 1415 850 1460 15.
883 1410 906 1457 ὁ
935 1413 1101 1468 Θησέως
1130 1411 1258 1467 σηκὸς
1283 1413 1448 1454 videtur
1481 1421 1571 1450 esse

162 1467 400 1522 vsacellum'
384 1487 427 1510 ιη
445 1470 581 1525 templi
598 1471 641 1525 §2
658 1476 687 1516 2
705 1473 913 1511 memorati
933 1488 1082 1512 recessu
1103 1481 1350 1511 exstructum
1373 1478 1409 1508 et
1428 1466 1571 1508 :nesci
1644 1475 1653 1489 ¹>

175 1540 270 1569 ossa
298 1525 533 1568 custodiens.
592 1529 682 1568 Huc
699 1530 874 1582 pertinet
889 1529 994 1569 :llud
1023 1528 1264 1569 Plutarchi
1252 1543 1296 1566 m
1313 1526 1469 1566 Theseo
1496 1537 1572 1580 exj

175 1588 330 1624 tremo:
389 1590 519 1628 κεῖται
535 1584 736 1638 (Θησευς)
761 1587 805 1628 ἐν
825 1586 925 1642 μέσῃ
954 1588 1006 1640 τῇ
1035 1582 1152 1628 πόλει
1174 1600 1287 1638 παρα
1319 1580 1365 1626 τὸ
1391 1584 1470 1625 νῦν
1498 1597 1573 1636 γυ-

176 1638 366 1692 μνάσιον,
387 1643 692 1682 etValckenarii
709 1644 907 1683 animadv.
928 1643 980 1682 ad
1000 1642 1183 1682 Ammon.
1203 1658 1244 1695 p.
1272 1642 1367 1686 155.
1388 1640 1470 1679 Pro
1490 1637 1574 1694 ἐγέ-

177 1713 273 1740 νετο
302 1706 412 1738 estne
427 1700 642 1750 legendum
664 1701 707 1755 ἐγ
710 1698 849 1742 ίνετοῬ
879 1701 936 1739 De
954 1700 1088 1740 verbis
1107 1702 1358 1752 Μαραθῶνα
1381 1697 1497 1751 ἔσχον
1530 1708 1572 1735 v.

178 1755 231 1794 ad
275 1758 341 1806 14,
372 1759 413 1799 4
447 1758 568 1808 δίκην
598 1756 643 1798 δὲ
670 1772 742 1799 του
777 1757 941 1810 Θησέως
971 1754 1160 1799 θανάτου
1188 1755 1235 1796 id
1256 1765 1386 1795 autem
1412 1762 1576 1808 propter

181 1811 325 1852 Uzesei
340 1823 504 1854 mortem
526 1814 775 1866 Sylburgius.
835 1813 992 1869 Scyron
1008 1813 1152 1855 incolis
1170 1812 1366 1853 desertam
1385 1807 1575 1860 reddidit,

180 1867 288 1909 ultus
307 1886 351 1910 eo
369 1881 491 1923 pacto
511 1870 650 1911 Thesei
670 1882 834 1911 mortem
854 1873 969 1910 Doni.
999 1871 1246 1912 Calderinus.
1331 1867 1543 1909 Similiter
1531 1879 1579 1906 m

181 1925 377 1996 Aeschyli
394 1928 528 1968 Prom.
546 1932 657 1971 619:
697 1932 771 1970 τοῦ
798 1931 919 1981 δίκην
940 1924 1106 1982 πάσχεις
1122 1924 1242 1980 ταὼς
1299 1927 1372 1966 ubi
1394 1916 1578 1964 Scholia:
1604 1927 1609 1934 ⁸

181 1980 303 2053 χάριν
317 1986 429 2034 τίνος
451 1985 519 2027 καὶ
535 1980 639 2040 ὑπὲρ
664 1987 789 2028 ποίου
817 1982 1105 2041 ἁμαρτήματος
1130 1982 1413 2032 ἆνταποδίδως
1427 1980 1580 2034 ταύτην
1631 2016 1633 2018 .

180 2036 259 2092 τὴν
290 2042 512 2094 τιμωριανς
542 2043 653 2092 τίνος
677 2043 793 2085 ἕνεκα
822 2048 1002 2111 τιμωρῇ;
1037 2044 1149 2084 Facii
1183 2043 1382 2084 rationem
1409 2039 1582 2108 conjun-

183 2098 313 2148 gentis
344 2100 463 2151 δίκην
498 2097 540 2140 δὲ
568 2103 644 2142 τοῦ
679 2101 845 2152 Θησέως
874 2096 1066 2142 θανάτου
1097 2114 1190 2140 cum
1222 2097 1419 2153 proximis
1446 2097 1515 2139 καὶ
1529 2110 1581 2137 τοι

184 2152 287 2197 ὀστᾶ
303 2158 548 2208 κομίσαντος
577 2152 646 2206 ἕς’
650 2154 850 2209 Αθηνας,
878 2164 927 2196 ut
945 2157 1065 2210 δίκην
1084 2157 1259 2211 pendeat
1278 2171 1303 2195 a
1321 2155 1580 2208 κομίσαντος,
1659 2152 1672 2166 “

184 2219 382 2264 sequutus
405 2219 466 2255 est
489 2213 659 2255 Clavier.
688 2214 773 2256 Nos
791 2213 1092 2256 distinctionem
1120 2220 1217 2270 post
1248 2210 1439 2260 θανάτου
1462 2209 1583 2252 ῐθῦῑί-

184 2270 348 2311 illimus

554 2464 918 2517 CAPUT
985 2465 1226 2519 XVIII:

302 2554 344 2608 §2
374 2559 413 2599 1
443 2556 479 2597 Α
507 2543 664 2598 Theseo
695 2560 803 2599 redit
823 2560 876 2599 ad
892 2560 1026 2599 forum
1047 2573 1221 2609 novmn,
1266 2564 1307 2597 et
1333 2555 1431 2596 inde
1454 2551 1589 2606 pergit

190 2609 245 2650 ad
263 2610 556 2653 Dioscurorum
570 2618 791 2667 templum,
823 2617 935 2670 quod
952 2623 1121 2670 putatur
1156 2617 1194 2656 ei
1223 2616 1327 2654 arcis
1357 2611 1464 2664 parti
1489 2609 1591 2647 sub-

186 2668 344 2720 jectum
363 2669 512 2719 fuisse,
543 2684 645 2722 quae
664 2678 750 2710 erat
768 2674 1048 2725 euroaquiloni
1071 2685 1200 2724 oppos
1183 2672 1269 2710 sita.
1327 2668 1364 2708 A
1382 2667 1590 2719 Polygno-

191 2730 235 2763 to
253 2723 375 2778 hujus
391 2699 539 2767 Anac’ei
558 2733 717 2781 partein
732 2728 882 2780 pictam
915 2742 1001 2768 esse
1034 2729 1244 2768 confirmat
1269 2726 1436 2775 Suidas,
1472 2722 1590 2777 cujus
