1708 3086
181 262 238 305 48
357 251 437 315 ',
538 255 1254 298 ADNoTA'xloNEs

182 388 246 427 go.
306 371 598 414 Marathoniam
623 385 801 428 pugnam
835 372 954 413 Plato
985 365 1148 426 q'uoque
1181 370 1300 426 Legg.
1330 370 1388 413 IV
1417 386 1461 426 p.
1493 377 1576 419 167

180 433 268 487 Bip.
293 430 412 487 (707)
430 431 666 471 Salaminiae
677 431 872 485 praefert.

295 489 338 544 ς.
367 491 396 534 5
424 510 482 528 -,-
512 503 598 542 cap.
621 492 675 532 19
698 496 799 528 extr.
821 489 871 528 cf.
897 487 1117 527 Excursus.
1483 530 1486 534 ,

296 547 338 602 55.
368 548 409 591 5.
467 547 674 587 Ceramico
699 547 842 587 relicto
871 546 1004 598 pergit
1042 546 1094 584 ad
1119 544 1290 585 Vulcani
1331 552 1372 586 et
1407 544 1576 586 Veneris

180 606 352 647 Uraniae
370 605 529 658 templa.
589 604 713 653 Quod
734 605 781 644 O.
801 603 972 653 Mueller
996 604 1039 642 in
1061 603 1218 643 Erschii
1238 610 1277 643 et
1296 603 1472 644 Gruberi
1493 604 1580 643 En-

182 665 289 717 cycl.
302 664 347 701 T.
369 667 395 706 6
417 677 457 714 p.
487 667 570 707 237
591 676 642 702 ex
660 662 796 703 verbis
814 660 934 713 hujus
951 661 1035 700 loci
1049 657 1178 715 ‘szq
1204 660 1248 704 δὲ
1267 681 1325 690 —·-
1341 657 1581 714 ‘quaccvoo
1611 656 1615 658 ¹

181 721 338 773 colligit
353 750 363 769 ‚
394 719 474 759 hoc
492 720 666 760 Vulcani
684 721 878 772 templum
896 719 1011 758 collis
1034 718 1256 772 cujusdam,
1283 719 1422 760 forsan
1446 717 1578 759 Areo·-

179 779 286 834 pagi,
315 779 438 817 dorso
457 779 689 831 impositum
707 778 831 816 fuisse
847 807 858 826 ‚
889 777 932 815 id
944 806 954 824 ‚
985 783 1180 829 quantum
1199 776 1386 830 equidem
1404 776 1578 826 videam,

179 837 295 877 nullo
328 836 474 874 nititur
502 842 748 888 argumento.
786 836 837 874 cf.
867 846 970 887 quae
998 834 1120 874 modo
1159 833 1212 873 ad
1231 833 1273 888 ᾗ.
1294 838 1315 877 1,
1339 833 1390 872 de
1410 847 1450 872 v.
1473 828 1578 886 ὖπὲρ

180 895 291 933 dicta
320 899 422 932 sunt·
454 889 518 935 ὅτι
541 893 612 947 μὲν
636 889 795 948 ἄγαλμά
820 892 862 934 οἱ
891 892 1020 944 Mosq.
1052 888 1338 947 τὸν-λόγον.
1370 891 1466 930 vide
1491 890 1524 940 I,
1547 895 1578 934 2

179 958 284 994 extr.
309 955 376 1000 18,
399 955 438 994 2.
457 948 634 1006 γλαυκὸς
651 951 851 989 Len-enne
870 950 1161 1002 interpretatur
1179 963 1261 988 non
1291 962 1385 988 cum
1417 948 1577 988 Clavie-

177 1010 243 1050 rio
261 1007 348 1047 bleu
359 1006 514 1064 fonce‘,
547 1009 620 1048 sed
639 1007 727 1047 hleu
751 1009 875 1046 iit-ant
894 1023 961 1045 sur
981 1006 1017 1046 Ze
1034 1010 1166 1060 jaune
1181 1021 1252 1046 seu
1269 1005 1462 1047 υενᾶἅίνε.
1487 1000 1579 1047 τοῦ-
1638 1009 1641 1014 ’

177 1065 546 1120 τοις-θυγατέρα
563 1063 678 1108 εἶναι.
709 1065 822 1104 Idem
850 1063 974 1103 habet
991 1065 1223 1103 Herodotus
1237 1063 1303 1113 IV,
1325 1059 1418 1108 180.
1453 1062 1577 1111 Quod

178 1126 222 1168 in
239 1124 353 1163 Notis
375 1123 427 1161 ad
445 1122 600 1163 Hellen.
620 1137 661 1175 p.
682 1125 766 1167 377
787 1123 982 1170 diximus,
1013 1136 1086 1174 per
1109 1119 1367 1161 Tritonidem'
1383 1120 1577 1174 paludem

178 1187 221 1222 et
246 1181 315 1220 hie
341 1188 381 1220 et
409 1180 518 1233 apud
546 1180 799 1219 Herodotum
847 1179 1063 1231 significari
1096 1179 1222 1218 Deam
1247 1191 1320 1218 seu
1346 1177 1576 1231 Nympham
1623 1222 1625 1225 7

178 1239 285 1292 ejus,
315 1238 358 1276 id
377 1237 638 1277 confirmatur
665 1235 830 1276 Homeri
852 1237 963 1276 Iliad.
986 1237 1035 1285 II,
1048 1237 1132 1286 865
1148 1233 1202 1278 τιὸ
1224 1237 1380 1290 Γυγαίη
1402 1236 1488 1278 τέκε
1498 1236 1578 1277 Al-

178 1313 277 1350 μνη.
308 1303 356 1334 ut
375 1295 443 1334 hic
465 1302 577 1334 reete
597 1296 751 1347 Λίμνη,
775 1295 833 1333 sic
853 1296 896 1334 in
915 1301 1056 1336 nostro
1078 1294 1172 1332 loco
1203 1300 1242 1333 et
1267 1293 1466 1332 Herodoti
1499 1293 1577 1334 Αἰ·

176 1371 283 1407 μνης
313 1353 570 1393 scribendum
601 1367 677 1406 pro
707 1354 861 1407 λίμνης.
934 1353 1170 1394 Ποσειδῶνι
1208 1347 1305 1400 τούς
1332 1345 1578 1405 ὅφθαλμούς

176 1411 353 1453 vindob.

292 1469 333 1522 §⁸-
365 1472 404 1512 6.
432 1464 664 1523 Ἀφροδίτη
693 1463 881 1522 Οὐρανία
901 1467 1010 1520 apud
1030 1466 1238 1519 Aegiratas
1256 1465 1576 1511 testefflausania

177 1525 263 1576 Vn,
283 1532 352 1576 26,
369 1532 395 1570 3
418 1526 739 1577 distinguebatur
758 1540 781 1563 a
799 1526 888 1564 Dea
910 1526 1040 1580 Syria.
1072 1524 1213 1576 quidni
1231 1535 1490 1575 quaeramus,
1521 1537 1574 1570 an

176 1586 288 1638 apud
311 1584 388 1623 hos
408 1584 548 1623 solos?
579 1584 838 1636 Tensplornm
863 1583 1023 1621 Veneris
1049 1582 1222 1621 Uraniae
1252 1580 1574 1632 antiquissimum

175 1643 376 1683 Ascalone
398 1642 498 1691 fuit,
533 1646 573 1680 et
592 1640 644 1679 ad
663 1641 747 1693 ejus
769 1641 996 1692 exemplum
1015 1640 1085 1677 illa
1100 1639 1145 1677 in
1166 1638 1300 1690 Cypro
1321 1645 1362 1676 et
1389 1637 1575 1690 Cytheris

175 1706 385 1740 exstructa
401 1705 495 1737 sunt
515 1703 618 1736 teste
636 1697 845 1737 Herodoto
862 1697 1015 1746 l,.105:
1055 1696 1164 1734 idem
1190 1694 1313 1747 hujus
1345 1696 1460 1743 Deae
1483 1695 1575 1733 cul-

175 1764 263 1797 tum
286 1759 427 1805 Persas
447 1756 498 1794 ab
518 1754 695 1806 Assyriis
718 1755 922 1807 accepisse
939 1753 1108 1793 tradidit
1126 1753 1157 1802 1,
1180 1755 1274 1796 131.
1336 1752 1397 1791 De
1415 1752 1574 1791 Venere

174 1815 220 1858 in
243 1813 416 1869 Cytheris
438 1814 548 1851 culta
567 1811 774 1862 Paus.fIll‘,
805 1817 874 1856 23.
933 1811 1015 1850 Sed
1036 1809 1214 1850 Hesiodo
1239 1816 1406 1848 auctore
1436 1809 1574 1849 Theo-

174 1886 268 1922 gon.
289 1875 370 1914 192
381 1886 438 1923 sq.
450 1870 585 1909 Venus
605 1884 627 1908 e
645 1868 832 1922 Cytheris
856 1869 897 1907 in
910 1869 1089 1921 Cyprum
1114 1867 1282 1906 transiit.
1313 1868 1448 1906 Venus
1469 1867 1573 1905 Ura-

174 1927 434 1968 nia‘Athenis
466 1927 588 1966 etiam
607 1927 649 1965 in
664 1927 796 1965 hortis
817 1925 961 1964 habuit
989 1927 1140 1965 aedem.
1159 1924 1253 1963 vide
1285 1927 1360 1973 19,
1381 1928 1420 1967 2.
1444 1923 1575 1976 σέβειωΙ

94 2004 95 2008 ’
175 1992 222 2024 et
241 1985 433 2037 σέβεσθαι
455 1985 687 2038 promiscue
705 1985 845 2022 eadem
863 1989 1074 2036 potestate.
1103 1984 1155 2021 cf.
1175 1986 1244 2030 26,
1279 1986 1306 2024 7
1341 1994 1434 2019 cum
1460 1980 1510 2028 11,
1529 1981 1571 2029 7,

175 2047 219 2087 7.
260 2040 451 2081 Similiter
476 2041 706 2091 promiscue
736 2037 1004 2093 κατεστήσατο
1035 2047 1075 2078 et
1104 2039 1333 2087 κατέστησε,
1370 2037 1420 2074 cf.
1440 2039 1508 2085 22,
1527 2040 1569 2079 3·

175 2101 246 2149 IV,
279 2104 316 2149 1,
335 2101 375 2143 5.
390 2095 596 2141 Plutarch.
629 2096 767 2134 Camil.
789 2100 856 2138 20.
915 2098 988 2133 Est
1007 2102 1140 2134 autem
1168 2091 1249 2132 hoc
1277 2091 1450 2132 verbum
1468 2106 1572 2144 prof-

176 2159 313 2212 prium
330 2157 373 2195 in
394 2151 836 2195 constituendis'ritihus
867 2162 904 2190 et
928 2151 1196 2205 religionibus.
1215 2155 1217 2162 ‘
1241 2149 1310 2192 καὶ
1336 2154 1424 2198 ταῖς
1451 2146 1591 2192 videl-¹

175 2221 291 2268 φαῖς,
319 2211 533 2253 Pausanias
556 2217 602 2248 ut
619 2213 661 2259 5,
685 2213 714 2253 4
736 2210 792 2248 ita
813 2208 894 2248 hoc
915 2210 1007 2248 loco
1019 2208 1214 2248 Pandioni
1233 2207 1451 2259 posteriori
1467 2207 1572 2246 Pro-

177 2287 280 2312 cnen
298 2278 337 2311 et
351 2268 614 2310 Philomelam
633 2268 736 2306 filias
758 2264 999 2315 contribuit,
1032 2267 1192 2306 easdem
1209 2265 1331 2315 igitur
1357 2265 1479 2316 Aegei
1505 2264 1571 2304 di·-

177 2333 236 2371 cit
254 2343 412 2370 sorores
432 2327 567 2366 fuisse.
625 2325 755 2365 Aliam
777 2325 896 2363 etiam
913 2324 1130 2362 Pandionis
1152 2322 1190 2361 II
1216 2322 1339 2361 filiam
1365 2321 1570 2374 Aegeique

176 2400 363 2428 sororem
389 2385 607 2424 Pausanias
644 2385 932 2422 commemorat
960 2384 1029 2430 89,
1057 2383 1096 2424 5.
1143 2380 1189 2419 A.
1213 2379 1569 2430 Letronne‘legen-

174 2447 276 2486 dum
297 2444 485 2497 opinatur
497 2438 741 2495 Ἀθηναίων
758 2436 1036 2492 Ἀθμονεῦσιν
1059 2438 1127 2477 vel
1139 2433 1388 2490 Ἀθὴναίοις
1402 2429 1570 2488 Ἀθμο-
1603 2458 1606 2460 -

173 2508 329 2551 νεῦσιν,
360 2501 455 2553 quia
479 2499 658 2548 scilicet,
681 2498 715 2536 si
740 2492 982 2548 Ἀθμονέων
992 2495 1166 2547 pendeat
1194 2509 1218 2533 a
1245 2496 1388 2545 δῆμος,
1413 2493 1571 2536 Geniti-

173 2574 252 2600 vus
278 2573 416 2598 carere
434 2570 517 2596 non
537 2557 670 2609 possit
690 2554 880 2606 articulo,
912 2553 983 2608 sed
1001 2553 1096 2591 vide
1114 2556 1184 2602 31,
1200 2557 1225 2596 3
1250 2557 1351 2591 extr.
1409 2550 1586 2600 Quibus·

173 2618 303 2661 missis
329 2623 488 2654 tantum
509 2626 718 2654 monemus
726 2643 739 2663 ‚
764 2608 1026 2664 Ἀθηναίους
1049 2609 1090 2648 h.
1112 2610 1139 2648 l.
1163 2623 1249 2648 esse
1263 2603 1568 2656 ?Arvtx0259.2Si-

172 2676 322 2714 militer
336 2669 519 2724 Ἀθῆναι
542 2672 592 2711 de
612 2673 757 2711 Attica.
779 2682 818 2709 v.
835 2669 888 2708 ad
909 2668 1065 2707 Hellen.
1091 2681 1130 2719 p.
1164 2669 1260 2711 257.
1293 2663 1396 2707 adde
1413 2664 1566 2707 Herod.

175 2732 242 2781 IV,
262 2735 329 2782 99,
348 2731 418 2770 ubi
434 2727 659 2784 Ἀθηναῖοι
677 2728 870 2768 dicuntur
889 2725 1059 2765 Sunium
1071 2723 1266 2768 habitae.

969 2821 1047 2830 ‘ma-22*

679 2828 733 2835 nvn-«2
739 2825 854 2833 -m-fl--n
