1708 3086
134 266 155 274 ,
591 240 971 276 PRAEFATIO·
1400 243 1482 275 xm

87 339 242 398 multa
256 344 368 405 ,huc
388 339 682 412 pertinentia
703 343 880 410 quihus
899 342 950 389 in
979 338 1118 390 libris
1141 354 1224 389 aut
1252 341 1390 390 locis⁴
1405 362 1484 391 ex-

87 411 524 484 positaslegant11r,
567 413 801 463 indicant.
881 410 1011 460 Illud
1054 427 1171 459 vero
1205 411 1346 459 nohis
1380 431 1484 461 non

87 485 204 535 lieet
222 486 533 552 „relinquet-e,
579 481 719 550 quod
746 480 1000 533 Pausanias
1029 485 1123 545 jam
1149 498 1205 528 ex
1234 478 1408 528 habitu
1435 495 1485 530 et

86 555 292 604 artificio
314 554 682 603 simulaerorum
710 551 1025 611 concluserit,
1062 569 1088 597 a
1121 549 1296 614 quibus
1327 566 1380 597 ea
1412 568 1484 598 es·-

88 637 197 673 sent
215 625 414 692 prolata.
448 622 616 683 v-VIL
638 628 721 683 26,
744 628 789 673 3.
813 621 903 683 IX,
928 625 1008 681 10,
1032 626 1080 671 2.
1119 618 1317 667 Constat
1337 619 1484 682 enim,

86 693 562 748 winckelmannum
580 692 787 744 similem
814 692 866 742 in
894 688 1192 755 temporibus
1222 687 1335 735 artis
1368 706 1485 754 ope-

85 779 203 827 rum
250 760 605 830 distinguendis
644 774 905 827 sequutum
949 758 1187 808 rationem
1226 756 1487 826 prObatum.

89 848 192 880 esse
223 831 309 896 iis,
350 831 435 898 qui
463 849 619 898 nuper
656 829 716 879 de
755 833 859 893 ejus
886 828 1073 894 seriptis
1112 826 1404 877 renovandis
1439 841 1487 877 et

85 899 388 966 illustrandis
406 900 563 949 meriti
582 914 707 951 sunt.
731 918 774 949 v.
797 896 1196 947 VVinckelmanni
1206 897 1334 962 ΟΜ).
1348 896 1487 959 VIII,

86 971 208 1022 415.
240 969 416 1037 Neque
436 968 637 1022 forsitan
667 967 878 1019 alienum
899 981 994 1029 est,
1040 984 1162 1032 quae
1197 967 1325 1016 anuo
1353 971 1484 1018 1818

85 1038 256 1089 libello
281 1037 569 1092 scholastico
599 1038 661 1086 ad
693 1036 950 1087 Pausaniae
984 1037 1153 1084 locum
1179 1035 1218 1096 Ι,
1255 1040 1339 1097 27,
1358 1038 1390 1086 5
1425 1035 1489 1085 de

88 1106 335 1174 vocabulis
369 1111 565 1174 ἄγαλμα
573 1147 592 1170 ,
639 1105 815 1165 ξόανον
846 1120 892 1154 et
922 1104 1123 1171 οἷνὸριιὶς
1154 1103 1287 1170 apud
1315 1106 1489 1154 Pausa-

87 1177 223 1231 niam,
243 1177 573 1241 disseruimus,
590 1175 676 1228 hic
694 1190 920 1244 repetere
940 1174 1001 1226 ad
1020 1173 1365 1240 compendium
1387 1175 1489 1224 col-

85 1247 197 1302 lata.
929 1283 931 1286 -
1001 1299 1004 1304 ,
1538 1290 1549 1298 x

213 1317 544 1385 ·Voeabulum
577 1319 803 1383 ἄγαλμα,
863 1315 927 1363 de
959 1333 1061 1381 quo
1091 1331 1214 1380 quae
1249 1312 1491 1363 Ruhnke-¹

90 1385 202 1444 nius
224 1385 287 1436 ad
307 1387 495 1436 Tim-aei
517 1387 632 1437 Lex.
662 1386 885 1436 universe
911 1382 1187 1449 disputavit,
1224 1397 1339 1430 nota
1359 1397 1491 1446 sunt,

93 1455 156 1505 de
186 1453 366 1506 statuis
389 1456 588 1522 proprie
611 1454 836 1520 usurpari
867 1467 1123 1521 coeptum,
1156 1451 1376 1518 inprimis
1406 1472 1491 1500 au-

1 1525 14 1538 '
92 1538 192 1595 tem
209 1527 520 1592 frequentem
540 1525 685 1586 hujus
708 1523 842 1574 vocis
862 1525 1003 1570 usum
1026 1522 1087 1568 de
1110 1525 1317 1569 deorum
1336 1525 1495 1587 sima-=

91 1599 249 1649 lact-is
317 1611 443 1656 esse,
489 1607 690 1649 constat.
804 1593 883 1640 De
944 1595 1152 1640 deorum
1203 1593 1492 1641 simulacris

17 1676 21 1687 ¹
89 1663 483 1732 frequentissime
539 1662 672 1729 apud
717 1660 999 1711 Pausaniam
1043 1659 1308 1727 reperitur,
1362 1679 1491 1718 non-

91 1752 344 1800 nunquam
383 1747 542 1782 tamen
580 1731 712 1798 apud
750 1730 964 1778 eundem
1003 1729 1063 1777 de
1107 1721 1315 1778 lzeissoum
1344 1730 1492 1780 etiam

63 1821 65 1823 ’
91 1819 240 1872 atque
261 1806 585 1852 heminarum
606 1801 765 1869 signis.
795 1819 836 1850 v.
860 1800 1022 1848 adnot.
1054 1798 1114 1848 ad
1135 1799 1172 1860 I,
1196 1804 1281 1860 27,
1312 1800 1357 1852 5.
1393 1799 1492 1849 Ἀ..

71 1930 74 1933 ,
93 1872 322 1941 γάλματα
344 1886 463 1920 teste
481 1871 711 1923 Pausania
734 1887 837 1918 non
861 1883 1047 1917 tantum
1069 1886 1094 1916 e
1115 1887 1387 1929 marmore,
1404 1868 1492 1917 sed

66 2000 68 2002 v
95 1942 268 2003 etiam,
303 1956 350 1990 et
368 1941 538 2007 primis
559 1939 1104 2008 quidem'temporibus,
1141 1955 1198 1987 ex
1218 1941 1407 2000 argilla
1429 1939 1493 2000 (I,

89 2011 149 2074 ’2,
170 2017 217 2063 4.
254 2011 367 2073 VII,
379 2017 462 2072 22,
488 2015 561 2071 6),
596 2028 621 2057 e
640 2021 779 2057 terra
801 2020 939 2057 cocta
962 2008 1022 2066 (I,
1046 2014 1094 2069 3,
1112 2012 1178 2068 1),
1206 2025 1403 2071 egypso
1432 2008 1492 2072 (I,

98 2085 181 2142 40,
200 2087 246 2132 3.
269 2080 359 2142 IX,
383 2086 465 2141 32,
492 2083 559 2142 1),
591 2098 616 2126 e
638 2082 775 2143 ligno
800 2078 951 2139 (VIII,
980 2082 1058 2138 17,
1091 2083 1135 2127 2.
1154 2075 1323 2138 ='IX,3‚
1347 2082 1388 2126 1.
1429 2077 1492 2139 V,

101 2154 183 2210 15,
206 2146 469 2210 4),'seri0ri
487 2166 602 2197 aevo
614 2151 813 2212 partim
837 2167 865 2195 e
882 2151 1033 2210 ligno,
1064 2149 1257 2210 partim
1276 2165 1336 2194 ex
1356 2165 1494 2193 mar-

98 2237 237 2268 more
253 2222 334 2268 vel
349 2220 493 2267 ebore
515 2217 646 2280 (VII,
668 2222 751 2278 21,
773 2222 819 2267 4.
857 2215 992 2276 VIII,
1011 2218 1094 2276 25,
1110 2221 1156 2265 4.
1193 2222 1275 2275 31,
1302 2219 1342 2263 1.
1380 2214 1494 2275 VII,

99 2294 183 2349 26,
204 2294 255 2347 3)
292 2288 370 2336 vel
387 2307 446 2336 ex
466 2306 592 2336 auro
616 2298 664 2334 et
682 2288 826 2335 ebore
848 2285 908 2347 (I,
929 2290 1012 2345 24,
1034 2288 1080 2334 5.
1119 2283 1182 2345 V,
1207 2289 1284 2343 11,
1315 2287 1381 2347 1),
1418 2282 1493 2330 in·-

100 2356 296 2406 terdum
328 2375 385 2404 ex
420 2366 628 2420 argento
665 2356 734 2417 (I,
772 2357 822 2414 5,
859 2358 927 2416 1),
962 2355 1244 2419 frequenter
1273 2369 1331 2399 ex
1358 2372 1492 2413 aere,

99 2424 454 2491 nonnunquam
479 2444 504 2471 e
517 2429 666 2488 ferro
710 2423 865 2486 (VIII,
894 2428 973 2484 12,
997 2429 1042 2473 8.
1082 2424 1144 2482 Χ,
1185 2426 1263 2481 18,
1286 2423 1345 2482 5)Δ
1370 2420 1494 2469 faeta

101 2509 226 2544 sunt.
270 2523 274 2528 -
297 2495 395 2543 Pro
417 2496 560 2542 ebore
585 2498 753 2541 dentes
775 2509 976 2557 quoque
1009 2494 1125 2555 equi
1146 2493 1378 2551 fluvialis
1410 2489 1495 2536 ad-

99 2561 384 2613 hibitisunt.
415 2562 526 2611 vide
545 2563 679 2622 VIII,
711 2567 792 2622 46,
828 2567 875 2612 2.
946 2559 1076 2607 Illud
1106 2574 1264 2606 autem
1298 2560 1496 2622 ἄγαλμα·

103 2634 163 2684 δι’
185 2634 299 2683 ὅλου
318 2634 491 2697 πλῆρες
517 2631 615 2681 ὑπό
645 2633 825 2693 χαλκοῦ’
855 2630 946 2689 IX,
988 2634 1068 2689 12,
1100 2633 1133 2678 4
1164 2629 1309 2694 quale
1330 2628 1496 2689 fuerit,

102 2700 402 2768 intel-ligetur
426 2717 453 2749 e
484 2700 573 2764 ΙΙΙ,
602 2705 681 2764 17,
696 2705 744 2762 6,
761 2699 848 2746 ubi
870 2697 931 2744 de
956 2714 1106 2746 aeneo
1131 2697 1388 2746 simulacro
1411 2698 1495 2744 ita:
