1708 3086
12 0 47 207 {frasu-Quam*

586 256 970 292 nnana-Ano.
1269 244 1275 248 “
1343 250 1475 294 ‚xxxi

38 358 45 366 ⁶
82 358 151 426 eo
163 361 323 412 facile
324 372 639 429 perspectum
665 358 751 421 iri,
787 377 849 407 an
882 370 1058 424 operae
1086 359 1299 426 pretium
1315 362 1476 424 ἔοι-ει)

39 429 45 469 :³
81 444 221 482 totos
230 447 313 482 eos
336 451 362 479 a
380 430 536 496 capite
560 431 621 478 ad
645 428 825 478 calcem
839 427 1066 477 conferri.
1104 428 1186 477 Ad
1205 448 1349 495 quam
1370 451 1476 482 rem

9 523 10 526 ¹
79 501 366 555 Franciscus
388 499 449 548 de
474 499 618 548 Furia
639 515 731 565 pro
747 498 981 578 singulari
1000 516 1090 547 suo
1115 499 1269 547 bonas
1292 499 1476 549 litteras

33 601 38 622 ,ι
81 569 344 636 adjuvandi
363 569 523 618 studio
551 568 891 634 paratissimus,
927 567 1047 618 mihi
1073 569 1307 618 lectiones
1338 569 1477 619 loco-'-

31 695 37 706 s
78 645 220 703 rum,
258 640 318 688 de
350 640 526 706 quibus
551 657 630 688 me
664 638 921 687 certiorem
949 637 1059 686 fieri
1087 638 1372 718 cupiebam,
1418 657 1477 687 ex

22 708 25 709 ⁷
77 707 394 760 illisduobus
422 708 674 757 codicibus
696 708 937 769 enotavit,
973 722 1020 756 et
1042 708 1094 755 in
1121 705 1310 770 litteris,
1348 726 1476 773 quae
1521 722 1523 724 ·

1 827 26 839 „
77 778 268 828 additae
301 792 464 840 erant,
497 776 853 826 humanissimis
890 777 1101 843 scripsit.
1147 778 1317 839 „Bene
1358 793 1478 842 pru-

81 847 372 914 denter-que
389 847 696 909 consuluisti,
734 861 806 909 ut,
840 861 1100 912 antequam
1132 847 1306 896 nostris
1339 844 1477 894 hisce

77 917 336 969 Pausaniae
381 916 630 979 codicibus
675 916 1013 966 conferendis
1034 932 1203 965 manus
1251 913 1478 965 admove-

0 991 27 1050 if„
79 993 241 1049 retur,
277 984 524 1053 specimen
559 979 761 1052 aliquod
789 1001 960 1034 eorum
986 984 1271 1034 lectionum
1287 986 1477 1050 recipe-

41 1074 172 1120 res,
194 1070 250 1105 ut
276 1075 333 1104 ex
357 1074 439 1117 eo,
477 1057 727 1118 cujusnam
763 1056 911 1134 pretii
952 1056 1071 1117 sint,
1107 1055 1245 1103 facile
1279 1074 1333 1103 ac
1369 1068 1475 1103 tuto

11 1124 368 1194 dignoscere
399 1141 578 1190 posses.
650 1123 774 1174 Nisi
782 1125 917 1174 enim
937 1142 1112 1176 revera
1135 1125 1253 1172 tales
1274 1143 1477 1189 appare-

58 1202 186 1262 ant,
222 1205 279 1243 ut
314 1213 373 1243 ex
397 1195 454 1242 iis
475 1194 737 1243 Pausaniae
773 1207 946 1256 textus,
985 1208 1091 1272 qua
1117 1208 1374 1259 corruptus
1400 1191 1482 1254 sit,

0 1257 57 1318 ’f‘
58 1251 326 1314 emendari
342 1263 557 1317 omniuo
585 1264 762 1329 possit,
806 1261 1096 1328 hujusmodi
1122 1281 1248 1328 opus
1275 1262 1479 1331 aggredi

5 1330 11 1346 ⁵
79 1334 220 1383 nimis
278 1333 463 1400 oppido
518 1333 820 1381 laboriosum
875 1346 1022 1391 esset,
1069 1342 1213 1398 atque
1274 1332 1476 1398 insuper

0 1720 17 1894 ··’-··¹'³‘·)='³‘2«-·
0 1660 9 1701 rw
0 1623 2 1626 v

26 1407 27 1411 ’
81 1403 240 1453 omnis
261 1420 410 1475 opera
430 1415 477 1451 et
495 1401 708 1467 impensa
730 1401 926 1467 periret.
972 1401 1166 1450 Habes
1155 1416 1316 1467 ltaque
1340 1401 1479 1468 quod

79 1470 369 1540 postulasti,
384 1471 642 1520 Pausaniae
667 1471 803 1519 locos
831 1490 859 1518 a
881 1485 928 1518 te
956 1471 1192 1519 indicatos
1217 1490 1329 1518 cum
1355 1471 1478 1519 duo-

77 1544 171 1592 bus
212 1539 446 1593 Mediceis
481 1539 733 1588 codicibus
776 1540 911 1588 nulla
950 1554 1030 1589 tua
1072 1540 1291 1605 impensa
1327 1557 1353 1588 a
1399 1561 1479 1591 me
1521 1545 1524 1548 ’

79 1611 184 1678 ipso
230 1614 360 1676 juxta
404 1610 639 1659 libiorum
686 1609 864 1658 seriem
931 1610 1143 1658 collatos.
1149 1615 1181 1640 ‘⁶
1284 1608 1479 1668 Quibus

79 1679 223 1730 mihi
221 1700 375 1748 quum
400 1680 597 1746 planum
622 1679 805 1727 iactum
837 1696 937 1726 esse
964 1679 1231 1740 videretur,
1266 1679 1359 1728 hos
1396 1699 1479 1729 co-

82 1749 214 1798 dices
233 1751 308 1801 vel
338 1768 450 1797 cum
472 1748 767 1797 editionibus
799 1750 876 1797 vel
905 1768 1019 1797 cum
1043 1747 1329 1813 Mosquensi
1360 1768 1479 1798 con-e

81 1819 284 1882 sentire,
320 1818 631 1867 Franciscum
663 1817 725 1866 de
759 1819 908 1867 Furia
938 1817 1130 1897 rogavi,
1169 1832 1223 1866 ut
1256 1837 1337 1867 eos
1370 1836 1479 1869 mea

82 1907 224 1944 causa
248 1889 471 1938 evolvere
495 1901 543 1936 et
579 1889 837 1937 consulere
871 1884 1135 1950 desineret,
1185 1905 1277 1955 ego
1313 1902 1478 1939 autem

80 1957 198 2007 huic
211 1957 315 2008 viro
335 1956 682 2006 humanissimo
696 1957 896 2024 gratiam
915 1956 1095 2007 habeie
1119 1976 1370 2024 nunquam
1391 1958 1484 2007 de·-

82 2027 246 2077 sinam.
277 2028 504 2086 Quorum
527 2026 753 2077 codicum
772 2046 893 2095 quas
915 2027 1083 2095 accepi
1100 2027 1354 2092 lectiones,
1374 2029 1475 2078 suis

81 2098 389 2165 proferentur
412 2097 546 2146 locis.

225 2240 284 2291 V
275 2239 448 2289 anetus
467 2256 668 2306 quoque
689 2252 832 2307 atque
843 2240 1126 2289 Mediolani
1151 2256 1240 2305 per
1263 2237 1474 2287 amicum

31 2320 37 2327 ”
83 2307 425 2377 Tergestinum
458 2310 700 2375 quaesivi,
760 2326 883 2376 quae
920 2309 1209 2358 Pausaniae
1230 2307 1486 2373 Periegesi

82 2379 158 2430 vel
180 2379 492 2445 corrigendae
525 2380 601 2428 vel
621 2378 934 2427 illustrandae
965 2379 1264 2428 inservirent.
1339 2378 1472 2435 Quas

83 2447 288 2515 quidem
308 2448 528 2496 Venetiis
548 2448 711 2515 accepi
732 2448 929 2510 litteras,
953 2466 1035 2496 eae
1061 2448 1122 2495 de
1134 2448 1326 2495 Veneto
1342 2448 1473 2509 Pau-

86 2518 243 2567 saniae
266 2516 436 2566 codice
458 2528 684 2582 repetunt
702 2518 799 2566 hoc
819 2517 850 2565 J
852 2536 920 2565 ac
943 2515 1173 2565 Morelli
1161 2535 1210 2563 ln
1233 2513 1469 2564 Biblioth.

17 2584 21 2596 ⁸
84 2587 326 2636 Manuscr.
354 2587 523 2638 Graec.
548 2601 595 2634 et
616 2587 769 2635 Latin.
792 2587 987 2634 Bassani
1010 2591 1141 2637 1802
1163 2584 1396 2649 judicium
1421 2604 1469 2651 p.

48 2708 56 2717 l
87 2662 211 2709 282·
247 2656 464 2719 „Textus
485 2657 674 2704 mendis
702 2655 839 2704 haud
871 2674 1045 2720 parum
1075 2673 1361 2721 conspersus
1397 2655 1470 2702 ni-

86 2724 190 2775 hilo
209 2727 456 2776 mel‘iorem
489 2726 672 2776 Aldina
712 2725 974 2776 lectionem
1004 2725 1214 2789 obJ'icere
1245 2725 1387 2774 solet:
1431 2723 1470 2772 si
