1708 3086
601 254 990 293 PRAEFATIO.
1387 254 1490 288 XLV

87 375 201 409 non
210 353 275 414 ita
285 373 450 407 rarum
474 354 698 404 videatur
718 372 818 403 esse
833 372 987 423 genus
1001 369 1187 415 eorum,
1223 354 1309 420 qui
1321 371 1492 422 graeca

96 427 319 498 legentes
343 425 519 476 auxilio
544 424 758 490 quodam
778 424 1028 492 indigeant
1049 423 1111 472 ad
1142 442 1223 484 ea,
1262 441 1386 489 quae
1418 424 1492 471 le·

169 510 251 560 nt,
288 496 470 546 rectius
501 493 786 560 faciliusque
812 492 1156 562 intelligenda,
1203 510 1367 560 neque
1399 511 1493 542 vox

97 581 212 629 lsta,
262 578 433 632 utpote
460 582 634 629 parum
677 563 914 624 humana,
966 563 1047 611 hic
1086 561 1286 628 probari
1327 576 1492 626 posset

99 643 286 697 eorum,
323 634 410 702 qui
431 633 670 681 dicerent:
714 636 814 682 Odi
832 637 1111 698 profanum
1135 635 1315 695 vulgas·
1343 642 1392 678 et
1411 650 1495 679 ar-

87 724 210 767 ceo,
245 701 526 753 faciendum
549 720 648 751 esse
672 701 1068 767 existimavimus,
1104 715 1159 749 ut
1180 701 1268 766 qui
1288 713 1417 748 sunt·
1435 717 1494 748 ex

95 772 197 824 hoc
217 790 396 841 genere
416 772 686 838 legentibus
713 790 772 821 eo
793 768 1087 820 adminiculo
1110 770 1493 832 consuleremus,

77 843 249 910 'quod
270 843 328 891 iis
359 859 520 907 neque
552 840 840 907 Sylburgius
869 859 1030 908 neque
1061 839 1293 888 Kuhnius
1331 857 1495 904 neque

99 913 269 968 Facius
291 911 556 960 detractum
588 911 855 959 voluerant.
929 910 1154 976 Inprimis
1185 909 1269 956 illa
1293 908 1495 975 Sylbur-

98 982 166 1050 gii
186 1000 243 1030 ex
274 984 377 1046 ejus
405 980 605 1047 epistola
640 979 702 1028 ad
733 981 1013 1046 Euggerum
1045 979 1192 1047 digna
1224 992 1340 1026 sunt
1369 996 1495 1044 quae

101 1053 397 1100 referantur:
447 1048 694 1110 „Graecae
731 1049 930 1099 editioni
963 1047 1087 1096 haec
1109 1047 1281 1096 Latina
1314 1065 1375 1096 ex
1409 1049 1497 1095 do-

102 1131 364 1172 ctorumet
383 1117 683 1185 prudentum
700 1118 913 1167 virorum
943 1118 1144 1166 consilio
1168 1134 1331 1166 comes
1350 1131 1496 1184 atque

98 1190 340 1256 interpres
360 1201 431 1247 est
449 1186 634 1236 addita:
657 1202 799 1254 atque
814 1187 937 1237 adeo
956 1187 1077 1236 haec
1102 1186 1238 1236 illius
1259 1186 1498 1253 quodam«-

101 1259 252 1310 modo
275 1274 416 1307 soror
438 1271 535 1318 est,
570 1271 721 1324 aetate
745 1256 947 1322 quidem
977 1257 1163 1318 minor,
1199 1256 1398 1323 ingenio
1428 1270 1497 1306 ta-

100 1347 214 1382 men
231 1365 245 1391 ,
281 1327 527 1387 moribus,
576 1326 803 1374 facundia
830 1340 878 1374 et
898 1326 1069 1374 ceteris
1103 1327 1366 1391 elegantiae
1390 1344 1498 1392 par·-

102 1400 236 1448 tibus
261 1415 362 1446 non
389 1395 606 1443 inferlm.
649 1425 707 1434 —-
748 1395 886 1443 fateri
908 1413 1011 1443 non
1032 1396 1227 1443 erubuit
1250 1393 1497 1444 Loesche-

104 1487 205 1530 rus,
227 1466 268 1515 si
290 1465 512 1515 Amasaei
529 1465 680 1514 versio
699 1463 780 1525 (de
803 1484 898 1531 qua
919 1464 1207 1519 inaudierat)
1232 1465 1342 1513 ante
1362 1483 1500 1523 suam

103 1538 157 1586 in
190 1537 355 1586 lucem
387 1533 667 1600 prodiisset,
726 1552 775 1582 se
806 1534 1220 1600 interpretationis
1250 1534 1409 1599 palma
1442 1533 1500 1580 li·-

103 1609 276 1657 benter
307 1604 351 1652 ei
372 1621 619 1651 cessurum
638 1603 832 1652 fuisse.“
903 1603 1003 1652 Sed
1025 1603 1239 1670 quamvis
1268 1603 1413 1671 digna
1440 1602 1501 1650 sit

105 1677 183 1726 his
207 1673 430 1723 laudibus
451 1673 674 1721 Amasaei
706 1673 889 1735 versio,
931 1687 1090 1722 tamen
1115 1672 1501 1722 correctionibus

106 1745 323 1812 indiget;
359 1762 413 1790 ac
437 1741 725 1810 Sylburgius
749 1743 849 1809 ipse
877 1742 1301 1803 animadverterat,
1351 1756 1405 1803 et*
1422 1759 1500 1789 va-

107 1815 180 1865 ria
203 1815 252 1862 in
289 1830 392 1861 eam
421 1812 666 1878 irrepsisse
686 1812 819 1873 vitia,
856 1830 947 1860 nec
972 1830 1159 1878 semper
1190 1830 1294 1859 eam
1325 1828 1502 1877 graeco

109 1883 261 1934 textui
282 1880 591 1947 respondere.
639 1881 694 1928 In
719 1881 1024 1930 emendanda
1051 1895 1211 1930 autem
1241 1880 1333 1928 hac
1353 1881 1504 1927 inter-

107 1952 377 2022 pretatione
399 1950 545 1998 latina
568 1949 805 1998 utendum
839 1951 979 1999 nobis
1010 1951 1103 1998 fuit
1127 1953 1272 1998 Frid.
1299 1951 1505 2013 Syllum·-

106 2027 186 2090 gii
209 2025 355 2072 Notis
376 2023 428 2068 in
450 2023 656 2068 Romuli
669 2023 912 2069 Amasaei
926 2023 1212 2081 versionem,
1249 2019 1293 2066 ei
1315 2019 1366 2066 in
1380 2018 1504 2066 Pau-

111 2091 272 2142 saniae
315 2089 526 2138 editione
566 2089 603 2136 F
607 2090 949 2138 rancofurtana
998 2088 1264 2152 subjunctis
1299 2107 1342 2153 p.
1385 2093 1504 2147 303,

111 2163 290 2230 quibus
318 2161 516 2224 partim
535 2163 772 2207 mendosa
803 2169 894 2207 aut
922 2169 1151 2223 suspecta
1172 2160 1507 2218 excutiuntur,

100 2233 302 2302 partim
332 2230 540 2276 obscura
575 2230 656 2276 vel
693 2229 930 2291 ambigua
966 2232 1325 2293 explanantar3
1387 2243 1507 2291 quas

112 2299 211 2351 suis
230 2296 465 2346 Kuhnius
489 2296 615 2344 notis
646 2296 699 2343 in
727 2296 1010 2345 Pausaniam
1034 2295 1255 2345 intexuit.
1351 2293 1508 2341 Simul

113 2383 274 2418 tamen
301 2366 557 2434 diligenter
587 2366 857 2413 cavendum
892 2382 992 2413 esse
1015 2365 1264 2425 duximus,
1302 2379 1364 2411 ne
1397 2363 1508 2411 alia-

114 2457 248 2498 rum,
278 2454 396 2502 quas
407 2437 666 2482 Amasaeus
682 2448 915 2500 sequutus
935 2434 1207 2494 videretur,
1241 2431 1510 2480 lectionum

115 2505 311 2574 vestigia
335 2504 628 2552 deleremus:
666 2521 813 2567 quam
835 2503 899 2551 ob
921 2522 1026 2551 rem
1047 2521 1148 2551 non
1168 2501 1343 2563 omnia,
1382 2517 1506 2567 quae

117 2574 406 2643 Sylburgius
445 2572 583 2619 aliter
621 2571 964 2637 interpretatus
1010 2585 1139 2632 erat,
1182 2571 1234 2618 in
1286 2569 1511 2618 Amasaei

118 2643 389 2694 versionem
419 2641 682 2689 intulimus.
777 2641 872 2689 Eos
906 2657 1104 2706 quoque
1133 2641 1269 2688 locos
1303 2641 1404 2687 fere
1435 2640 1508 2685 in-

120 2726 273 2768 tactos
294 2710 589 2778 reliquimus,
611 2727 822 2777 quorum
849 2709 940 2764 alia
965 2709 1014 2758 in
1039 2709 1215 2763 nostris
1236 2706 1509 2761 adnotatio·-
