1708 3086
477 219 587 291 An'
635 251 691 294 L,
749 252 791 293 1.
857 257 1028 299 CAP.
1094 263 1285 306 xxrx.
1477 276 1560 317 109

156 362 406 414 Neminem,
437 371 478 404 et
494 365 612 406 Eleos
631 368 684 408 ed
719 368 1022 415 Atheniensium
1051 380 1285 424 societatem
1305 385 1558 441 traduxerat,

155 425 259 462 teste
279 421 519 475 Thucydide
537 425 584 474 V,
611 429 666 471 48
690 442 777 480 sqq.
796 430 899 471 adde
922 433 1036 474 Diod.
1056 439 1136 477 Sic.
1158 441 1247 492 XII,
1269 447 1337 488 79.

175 510 178 513 ⁴
268 479 414 534 5.11.
447 483 490 525 οἷ
506 483 600 537 περὶ
620 482 692 526 τὸν
710 482 1016 541 Ἑλλήσποντον
1033 496 1380 551 ναυμαχήσαντες.
1394 503 1555 559 Olymp.

152 538 278 590 XCII,
297 542 336 582 2.
358 539 453 579 vide
475 538 660 594 Thucyd.
683 542 787 595 vm,
814 550 897 591 102
927 563 1014 603 sqq.
1044 553 1233 607 Xenoph.
1261 557 1415 600 Hellen.
1452 564 1483 612 Ι,
1518 570 1554 606 1.

151 596 220 638 καὶ
238 597 283 638 οῖ
299 595 798 653 μετὰ-στρατεύσαντες.
824 604 984 659 Olyinp.
1004 609 1282 664 LXXXIX,3.
1315 615 1435 658 Cleon
1459 635 1556 673 pev-

148 651 197 693 iit
217 654 260 693 in
278 656 438 707 proelio
461 656 513 695 ad
535 656 810 712 Amphipolin.
849 663 900 702 cf.
923 664 1108 720 Thucyd.
1143 670 1190 720 V,
1217 677 1281 716 10.
1310 673 1551 720 Androtion.

148 710 306 762 Fragm.
325 728 365 767 p.
381 717 474 758 119.
488 715 534 756 οἴ
545 717 650 757 τεέν
661 739 715 748 —
729 717 1056 773 τελευτήσαντες.’
1073 727 1183 768 Haec
1202 729 1347 771 desunt
1361 733 1404 772 in
1422 734 1549 791 Mosq.

148 766 214 809 Ad
230 769 392 811 Delium
412 772 526 811 clade
544 771 807 817 Athenienses
829 779 970 820 afflicti
988 782 1149 838 Olymp.
1167 788 1394 840 LXXXIX,
1430 798 1465 836 1.
1486 797 1551 835 vi·-

149 826 201 866 de
221 826 407 882 ssucyd.
422 829 490 881 IV,
510 832 716 877 90—96.
748 836 866 876 Diod.
899 839 978 878 Sic.
1003 842 1094 893 XII,
1117 847 1186 888 70.
1225 847 1285 887 De
1315 846 1552 894 Leosthenis

145 881 226 924 hac
255 887 513 941 expeditione
535 888 704 930 Pausan.
723 893 754 943 Ι,
778 898 814 944 1,
835 899 875 939 3.
898 899 969 947 25,
989 901 1031 941 4.

205 962 209 972 ·
259 942 292 997 5
294 974 304 983 .
336 949 403 989 12.
436 939 512 987 οὖν
531 946 712 990 ἐνταῦθα
731 951 802 993 καὶ
819 949 982 1004 τούτοις
1000 956 1129 998 Vatic.

257 1000 303 1055 5.
336 1006 401 1047 14.
432 1003 496 1044 ἐπ’
527 998 809 1059 Εὐρυμέδοντι
831 1009 945 1051 deest
962 1014 1005 1052 in
1027 1015 1143 1056 Vind.
1171 1025 1213 1059 et
1243 1019 1372 1076 Mosq.
1403 1023 1472 1067 ἐπὶ
1497 1029 1553 1083 τῆ

144 1059 246 1116 πεζῇ
269 1058 402 1113 Mosq.
421 1059 466 1102 ἒν
483 1065 537 1117 τῇ
552 1065 696 1122 πεζικῇ
712 1065 830 1106 Vind.
1390 1091 1410 1118 μ’,
1525 1072 1533 1083 ’

259 1115 302 1170 5.
338 1121 402 1162 15.
436 1119 640 1162 Μνασέου
674 1124 911 1176 scripsimus
942 1142 964 1168 e
1000 1130 1146 1182 Suida,
1184 1133 1363 1188 Diogene
1386 1139 1547 1183 Laertio

141 1172 228 1223 VH,
246 1175 332 1214 init.
351 1181 391 1214 et
410 1175 500 1229 ipso
519 1178 718 1219 Pausania
738 1182 785 1231 H,
808 1187 847 1233 8,
870 1187 908 1228 4.
953 1190 1169 1232 Μνασείου
1196 1192 1312 1247 Vulg.
1347 1201 1547 1244 Μνασέου

141 1229 399 1272 Vind.Vatic.
422 1234 477 1273 De
498 1236 590 1275 loco
605 1266 616 1286 ,
651 1238 722 1276 ubi
733 1240 845 1282 Zeno
865 1244 1046 1295 sepultus
1072 1247 1216 1299 fuerit,
1247 1253 1543 1306 LipsiiManud.

141 1289 196 1328 ad
216 1290 339 1329 Stoic.
361 1289 461 1330 Phil.
483 1293 512 1342 Ι,
540 1297 602 1336 10.
623 1295 772 1336 Meurs.
796 1298 882 1338 Cer.
903 1314 1002 1352 gem.
1028 1317 1061 1342 e.
1085 1309 1153 1348 24.
1184 1308 1243 1348 De
1277 1310 1401 1352 Nicia
1430 1318 1547 1356 Win..

141 1347 371 1387 ckelmanni
399 1347 502 1402 Opp.
522 1350 624 1401 VIH,
639 1358 736 1397 320.
770 1358 1003 1410 Νικομίὸου
1014 1360 1133 1401 Vind.
1154 1367 1541 1430 ΝικομήδουΜοεᾳ.

139 1403 290 1447 ἑαυτοῦ
305 1406 433 1458 Mosq.
457 1408 554 1450 Exc.
578 1411 675 1450 cod.
698 1412 822 1452 Palat.
858 1411 988 1458 αὑτοῦ
1005 1417 1121 1472 Vulg.
1154 1419 1374 1480 Lycurgus
1407 1427 1544 1484 publi*-

139 1476 188 1502 ce
210 1463 391 1516 sepultus
411 1464 483 1503 ubi
502 1476 804 1513 monumentum
824 1469 1027 1526 habuerit,
1051 1478 1147 1518 vide
1167 1480 1211 1519 in
1231 1483 1339 1524 Plut.
1359 1488 1400 1527 X
1421 1490 1540 1532 Rhet.

134 1519 168 1561 L
199 1534 311 1572 curg.
975 1564 977 1567 -

167 1534 198 1573 y
253 1578 397 1632 5.16.
428 1580 614 1636 Testante
648 1583 856 1627 Gronovio
884 1588 928 1629 in
956 1591 1211 1636 Praefatione
1238 1599 1289 1638 ad
1310 1601 1427 1643 Thes.
1447 1606 1539 1648 Ant.

92 1669 95 1671 .
135 1647 196 1688 gr.
217 1637 300 1676 vol.
330 1637 368 1677 V
386 1637 586 1678 Mem-sius
605 1641 662 1679 ita
678 1647 874 1685 correxit:
906 1647 1142 1709 Λυκούργῳ
1171 1654 1215 1697 δὲ
1237 1657 1439 1715 ἐπορίσθη
1467 1665 1540 1718 μὲν

133 1691 308 1736 τάλαντα
329 1694 372 1745 ἐς
391 1691 438 1737 ‘ui
463 1695 662 1750 δημόσιον
683 1699 940 1755 πεντήκοντα
964 1709 1135 1751 πλείονα
1163 1713 1231 1753 καὶ
1260 1715 1484 1771 ἑξακοσίοις
1510 1719 1542 1777 ἢ

137 1746 214 1794 ὅσα
233 1755 440 1806 Περικλῆς
466 1750 488 1795 ὅ
508 1754 755 1799 Ξανθίππου
789 1757 1012 1818 συνήγαγε,
1046 1773 1107 1816 et,
1138 1770 1182 1807 ni
1210 1772 1349 1824 fallor,
1399 1787 1536 1834 recte3

133 1807 333 1850 Aristides
364 1811 467 1850 enim
491 1812 695 1855 CCCGLX
717 1817 865 1857 talenta
892 1823 1014 1861 sociis
1046 1824 1317 1880 imposuerat,
1359 1833 1537 1878 Pericles

132 1864 215 1905 Dc.
235 1867 423 1920 Lycurgo
443 1883 538 1920 ergo
560 1871 716 1912 addidit
737 1875 821 1914 fere
839 1878 939 1916 DCL
957 1881 1118 1931 talenta,
1150 1892 1196 1924 ut
1217 1887 1380 1929 circiter
1396 1893 1536 1937 MCCL

132 1924 286 1963 talenta
308 1925 408 1964 socii
428 1927 643 1967 solverent.
704 1931 827 1980 Quod
849 1936 1060 1978 confirmat
1077 1941 1320 1985 Plutarchus
1343 1949 1386 1987 in
1406 1952 1531 1993 Arist.

133 1977 176 2020 c.
200 1986 257 2026 24
290 1983 493 2033 referem,
556 1985 796 2041 demagogos
831 1999 926 2044 post
946 1995 1111 2037 Periclis
1129 2009 1303 2042 mortem
1325 2009 1533 2052 sociorum

131 2039 334 2082 tributum
359 2041 415 2090 εἰς
432 2042 572 2094 χιλίων
590 2045 658 2086 καὶ
678 2050 922 2099 τριακοσίων
943 2051 1149 2099 ταλάντων
1175 2059 1401 2112 κεφάλαιον
1433 2065 1532 2110 ἄνα·-

129 2103 284 2151 γαγεῖν.
345 2098 459 2137 Adde
480 2101 590 2151 quod
613 2102 652 2140 in
675 2103 938 2159 Pseudoplut.
955 2109 995 2149 X
1011 2111 1130 2154 Rhet.
1150 2116 1246 2169 Lyc.
1270 2120 1320 2159 de
1341 2119 1423 2163 hoc
1440 2125 1530 2179 ipso

130 2153 319 2207 Lycurgo
346 2162 426 2195 est:
457 2158 562 2210 χίλια
583 2157 772 2204 διακόσια
793 2161 966 2208 τάλαντα
1000 2171 1207 2225 προςόδου
1241 2181 1294 2232 τῇ
1321 2178 1435 2223 πόλει
1459 2201 1531 2226 κα.

127 2212 315 2263 τέστησε,
342 2212 542 2266 πρότερον
564 2222 832 2270 τετρακοσίων
849 2224 917 2266 καὶ
934 2221 1129 2277 ἑξήκοντα
1144 2229 1221 2284 (sic
1232 2232 1378 2276 Meurs.
1404 2242 1528 2298 corr.)

127 2267 386 2322 προςιόντων
407 2271 491 2311 scil.
518 2272 706 2315 Aristidis
723 2284 916 2331 tempore.
949 2284 1000 2322 cf.
1026 2289 1144 2326 etiam
1159 2289 1305 2330 Meurs.
1336 2295 1386 2334 de
1416 2298 1541 2340 Fors..

127 2326 222 2366 Ath.
245 2341 279 2366 c.
298 2331 337 2370 7.
358 2328 535 2368 Medium
553 2346 647 2384 ergo
667 2336 772 2375 inter
789 2336 929 2376 MCCC
952 2348 992 2380 et
1020 2343 1126 2382 MCC
1147 2346 1310 2388 videtur
1340 2358 1526 2404 posujsse

126 2384 357 2425 Pausanias.
391 2386 463 2439 μὲν
478 2395 571 2439 post
589 2390 790 2446 ἐπορίσθη
823 2395 936 2435 deest
966 2398 1009 2437 in
1038 2400 1156 2441 Vind.
1191 2410 1231 2442 et
1257 2406 1386 2462 Mosq.
1417 2404 1527 2468 ξιιομ-

126 2447 222 2483 mia
247 2452 442 2483 memorat
461 2446 581 2485 etiam
603 2448 862 2504 Pseudoplut.
887 2454 914 2491 1.
936 2469 969 2493 e.
1007 2457 1064 2496 Cf.
1088 2458 1136 2497 de
1157 2459 1198 2499 h.
1217 2475 1256 2501 v.
1287 2466 1523 2514 Philochori

126 2498 285 2550 Fragm.
323 2515 361 2553 p.
390 2505 458 2545 69.
492 2505 610 2552 νίκας
634 2507 769 2559 vulgo.
811 2510 895 2548 Nec
923 2511 995 2551 has
1028 2515 1229 2558 Victorias
1252 2531 1525 2574 praetermisit

125 2553 389 2610 Pseudoplut.
418 2560 445 2598 l.
467 2561 494 2599 l.
526 2561 726 2604 Victorias
751 2567 977 2619 Minervae,
1008 2569 1120 2612 haud
1149 2575 1271 2617 dubie
1302 2586 1522 2639 παρθένοι),

127 2623 384 2662 consecratas
403 2629 623 2660 memorant
642 2623 758 2662 etiam
790 2626 918 2678 Etym.
940 2627 991 2666 M.
1029 2636 1067 2667 et
1092 2632 1361 2686 Harpocratio
1391 2657 1430 2684 v.
1457 2634 1523 2689 iss-

125 2674 227 2723 μίαι.
258 2671 528 2714 Philochorus
546 2692 706 2731 quoque
723 2682 888 2721 videtur
905 2687 1130 2728 narravisse
1151 2705 1194 2743 p.
1218 2698 1286 2745 66,
1315 2713 1365 2738 ex
1389 2709 1521 2745 aureis

126 2728 317 2769 Victoriis
342 2745 485 2772 numos
520 2749 604 2774 esse
627 2751 758 2776 cusos,
785 2742 1011 2791 παρθένοις
1042 2759 1228 2799 pompam
1256 2754 1520 2802 Panathenai-

127 2799 216 2827 eam
240 2789 536 2830 comitantibus.
570 2793 688 2834 Hunc
709 2796 909 2847 virginum
928 2803 1125 2844 mundum
1142 2807 1279 2858 forsan
1288 2813 1520 2870 Harpocra-
