1708 3086
462 215 580 259 SEU
607 214 723 254 Lm.
754 213 813 254 11.
873 186 1005 254 ost.
1035 213 1129 253 xv.
1407 215 1495 258 265

101 328 334 388 Γόρτυνος
363 327 570 374 ἐθέλουσι
603 330 757 385 λαβεῖν
789 327 1040 378 Δαίδαλον,
1069 324 1146 369 καὶ
1169 323 1249 370 τὸν·
1275 326 1497 371 Δίποινον

99 394 176 445 καὶ
195 391 396 444 Σκύλλιν
408 398 456 443 ἐκ
474 401 554 458 τῆς
570 413 727 454 γυναι.)
733 392 782 447 ός
801 396 846 439 οἱ
861 393 1023 452 ταύτης
1033 392 1250 453 γενέσθαι.
1282 394 1330 438 ἐν
1349 398 1590 448 Kasai-144

103 473 204 521 ’ναῖς
244 468 292 513 δὲ
333 465 468 512 τοῦτό
510 466 601 511 ἐστι
643 463 694 510 τὸ
724 462 869 520 ἱερὸν,
909 463 986 508 καὶ
1009 467 1162 526 μνῆμα
1186 459 1401 519 Εὐρύτου
1426 465 1502 509 καὶ

93 535 312 582 ’Κτεατοα
371 533 578 594 θεωρούς
605 533 692 592 γὰρ
719 533 763 587 ἐξ
787 532 972 585 ’Ἠλιδος
1000 532 1043 585 ές
1072 530 1152 576 τὸν
1181 530 1333 588 ἀγῶνα
1352 532 1503 586 ἰόντας

97 608 189 658 τῶν
234 588 442 662 Ἰσθμίων
477 602 644 657 αὐτοὺς
678 602 875 647 ἐνταῦθα
921 600 1142 659 Ἡρακλῆς
1179 597 1500 656 κατετόξευσεν,

103 674 296 733 ἔγκλημα
331 673 624 733 ποιούμενος,
662 670 732 716 ὅτι
775 672 820 715 οἱ
851 669 966 728 πρὸς
1002 668 1199 728 Αὐγείαν
1233 674 1504 728 πολεμοῦντι

106 742 448 803 ἀντετάχθησαν.
509 742 557 787 ἐκ
585 744 806 786 Κλεωνῶν
834 740 881 786 δέ
902 743 1012 786 εἰσιν
1034 742 1080 793 ἐς
1095 740 1258 797 ’Ἄργος
1276 737 1375 784 ὁδοὶ
1396 739 1503 785 δύο·

97 812 126 872 ἡ
159 815 240 872 μὲν
273 811 493 870 ἀνδράσιν
517 809 747 866 εὐζώνοις,
779 812 855 855 καί
888 811 1004 856 ἐστιν
1032 810 1260 866 ἐπίτομος,
1301 807 1329 867 ἡ
1360 809 1406 855 δὲ
1433 809 1505 854 ἐπὶ

105 885 191 928 τοῦ
223 879 507 940 καλουμένου
538 883 734 938 Τρητοῦ,
778 878 904 937 στενὴ
933 879 1014 937 μὲν
1039 878 1115 923 καὶ
1129 877 1254 935 ,αὐτὴ
1285 878 1504 937 περιεχόν-

100 967 191 1002 των
211 949 347 1009 ὀρῶν,
378 948 569 1008 ὀχήμασι
598 948 646 993 δέ
669 948 787 992 ἐστιν
808 948 928 1006 ὅμως
948 946 1281 1004 ἐπιτηδειοτέρα.
1342 950 1402 1006 (2)
1431 948 1505 994 'Ev

98 1017 274 1074 τούτοις
299 1024 394 1072 τοῖς
420 1018 545 1076 ὄρεσι
565 1015 616 1062 τὰ
638 1016 858 1075 σπήλαιον
877 1018 939 1062 ἔτι
958 1019 1182 1062 δείκνυται
1203 1020 1286 1061 τοῦ
1305 1018 1503 1071 λέοντος,

99 1087 177 1132 καὶ
201 1086 230 1146 ἡ
256 1088 408 1146 Νεμέα
438 1087 489 1132 τὸ
526 1088 692 1145 χωρίον
724 1085 871 1143 ἀπέχει
897 1088 1109 1137 σταδίους
1145 1084 1272 1130 πέντε
1308 1102 1400 1132 που
1429 1088 1505 1132 καὶ

28 1191 34 1205 ,-
101 1155 219 1201 δέκα.
280 1157 328 1202 ἐν
364 1157 413 1204 δὲ
441 1153 556 1214 αὐτῇ
578 1156 774 1211 Νεμείου
795 1172 840 1200 τε
863 1154 976 1207 Διὸς
998 1153 1108 1206 ναός
1129 1155 1218 1200 ἐστι
1242 1155 1351 1207 θέας
1369 1155 1505 1210 ἄξιος,

101 1223 218 1283 πλὴν
245 1224 355 1270 ὅσον
375 1242 420 1271 τε
447 1222 739 1282 κατερρυήκει
768 1223 792 1269 ὁ
822 1224 1017 1282 ὄροφος,
1057 1224 1134 1268 καὶ
1163 1223 1340 1281 ἄγαλμα
1371 1224 1506 1271 οὐδὲν

103 1292 164 1338 ἔτι
192 1293 398 1339 ἐλείπετο.
456 1296 747 1352 κυπαρίσσων
781 1309 827 1338 τε
862 1293 997 1346 ἄλσος
1025 1293 1116 1338 ἐστὶ
1151 1293 1253 1350 περὶ
1277 1292 1356 1338 τὸν
1379 1294 1506 1348 ναὸν,

27 1372 32 1374 “
101 1363 178 1407 καὶ
214 1362 295 1408 τὸν
333 1362 547 1423 Ὀφέλτην
588 1363 784 1407 ἐνταῦθα
811 1360 903 1407 ὑπὸ
932 1367 1010 1420 τῆς
1042 1366 1221 1421 τροφοῦ
1248 1362 1432 1407 τεθέντα
1462 1364 1508 1417 ἐς

102 1430 184 1488 τὴν
231 1430 350 1477 πόαν
388 1435 697 1490 διαφθαρῆναι
739 1430 947 1487 λέγουσιν
978 1429 1078 1476 ’ὑπὸ
1115 1435 1197 1476 τοῦ
1247 1431 1507 1487 δράκοντος.

102 1498 269 1545 θύουσι
299 1501 346 1546 δὲ
371 1499 558 1560 Ἀργεῖοι
588 1503 650 1558 τῷ
677 1501 758 1544 Δι’ὶ·
773 1500 849 1544 καὶ
873 1501 921 1545 ἐν
939 1500 1182 1559 τῇ”Νεμέα,
1213 1499 1288 1545 καὶ
1311 1503 1508 1558 Νεμείου

102 1568 212 1629 Διὸς
246 1570 368 1628 ἱερέα
394 1573 640 1627 αἱροῦνται.
699 1569 776 1613 καὶ
813 1568 868 1626 δή
899 1571 974 1614 καὶ
1010 1569 1186 1627 δρόμου
1217 1570 1509 1626 προτιθέασιν

105 1722 221 1772 Sunt,
253 1722 323 1775 qui
348 1721 570 1762 Daedalum
584 1719 711 1759 velint
734 1734 906 1760 uxorem
934 1721 1101 1760 duxisse
1139 1721 1333 1774 Gortynis
1351 1720 1509 1777 filiam,

107 1804 128 1829 e
149 1804 229 1843 qua
261 1791 342 1830 sint
371 1791 408 1830 ei
436 1789 630 1829 11111Η1)011
654 1790 789 1840 geniti.
848 1791 1012 1830 Praeter
1037 1790 1144 1830 hane
1181 1792 1322 1830 aedem
1351 1792 1511 1831 Cleonis

106 1859 252 1912 Euryti
281 1866 320 1899 et
351 1859 480 1898 Cteati
508 1865 770 1898 monumenta
797 1866 910 1898 sunt:
944 1874 1060 1912 quos,
1092 1873 1217 1912 quum
1249 1860 1363 1899 Elide
1393 1860 1511 1899 ludos

110 1928 321 1968 Isthmicos
341 1934 567 1981 spectatum
593 1927 772 1976 ivissent,
802 1928 997 1967 Hercules
1017 1930 1169 1980 sagittis
1197 1929 1375 1979 confixit,
1405 1930 1516 1968 indi-

107 2010 186 2049 gne
205 1994 472 2046 ferens,.‘inos
504 1996 666 2047 Augeae*
686 1996 794 2035 bello
826 2004 966 2036 contra
998 2011 1038 2037 se
1069 1998 1111 2035 in
1139 1998 1224 2036 acie
1254 1999 1420 2038 stetisse,
1480 1998 1516 2037 A

112 2066 268 2107 Cleonis
292 2066 422 2117 Argos
443 2065 532 2104 viae
551 2065 656 2103 duae
679 2063 854 2103 ducunt:
886 2066 1082 2119 expeditis
1109 2067 1234 2106 astera
1253 2067 1515 2118 commodior,

112 2142 152 2176 et
171 2135 481 2189 compendiaria.
539 2134 576 2172 N
580 2149 644 2172 am
672 2147 775 2186 quae
798 2134 849 2172 ad
868 2135 1035 2174 Tretum
1060 2143 1132 2185 est,
1164 2142 1332 2187 angusta
1355 2142 1394 2174 et
1412 2137 1515 2188 ipsa,

114 2219 238 2257 quum
269 2205 450 2257 undique
484 2202 688 2242 montibus
716 2204 997 2253 concludatur,
1027 2217 1170 2243 verum
1195 2204 1355 2243 facilius
1387 2205 1517 2243 multo

114 2273 300 2314 vehicula
317 2273 567 2313 transmittit.
629 2270 690 2326 (2)
720 2272 768 2310 ln
788 2273 869 2312 illis
887 2272 986 2326 ipsis
1007 2273 1211 2311 montibus
1233 2273 1360 2312 leonis
1377 2274 1517 2313 Nemei

115 2355 261 2396 specus
295 2341 429 2381 adhuc
461 2341 709 2380 ostenditur:
758 2355 781 2379 3
811 2354 891 2393 quo
924 2342 1039 2381 vicus
1074 2343 1222 2381 Nemea
1245 2355 1330 2380 non
1356 2342 1517 2394 longius

117 2425 237 2463 quam
271 2412 402 2451 stadia
437 2411 550 2450 abest
580 2409 823 2463 quindecim.
910 2410 973 2449 Ibi
1007 2410 1144 2448 Nemei
1175 2410 1281 2448 Iovis
1320 2411 1518 2464 templum

116 2479 234 2533 plene
254 2479 425 2532 insigne:
469 2479 627 2520 tametsi
658 2479 819 2518 testudo
850 2479 1028 2530 collapsa
1056 2485 1128 2527 est,
1157 2492 1287 2530 neque
1314 2479 1444 2518 ullum
1475 2479 1518 2518 in

118 2562 165 2587 eo
186 2549 391 2601 reliquum
414 2549 495 2588 iam
513 2540 682 2600 signum.
745 2549 861 2587 Clrca
886 2548 1082 2600 templum
1111 2553 1403 2599 eupressetum:
1435 2562 1518 2601 quo

118 2617 159 2656 in
175 2617 268 2656 loco
290 2630 415 2669 quum
434 2618 575 2675 11111111(
606 2617 807 2670 Ophelten
822 2618 863 2656 in
894 2616 1020 2655 herba
1043 2615 1256 2668 posuisset,
1278 2631 1310 2673 ¹a
1343 2617 1518 2657 dracone

113 2691 370 2740 peremptum
394 2693 629 2726 memorant.
690 2687 813 2724 Sacra
849 2685 934 2723 Iovi
962 2684 1109 2723 Nemeo
1130 2684 1270 2737 Argivi
1294 2685 1337 2725 in
1369 2687 1520 2726 Nemea

114 2755 282 2803 faciunt,
315 2754 433 2806 eique
463 2761 616 2801 certum
651 2755 906 2795 sacerdotem
932 2753 1133 2804 deligunt:
1165 2759 1206 2794 et
1232 2756 1395 2795 armatis
1421 2755 1521 2795 viris
