1708 3086
195 241 280 284 112
501 198 1215 272 ADNOTATIONES

195 350 380 403 διάφοροι
397 347 470 403 μὲν
492 347 563 392 καὶ
579 342 958 400 ταῦτα-ποιήσει,
989 344 1150 401 λέγουσι
1168 347 1205 389 δ’
1231 338 1319 391 οὖν.
1344 345 1420 388 ’καὶ
1448 344 1588 400 βωμός

194 407 464 456 ...Ἱππείαᾳ
505 407 608 446 Nam
630 405 701 460 μὲν
728 419 804 458 pro
831 404 967 457 μέντοι.
995 401 1147 442 habent
1173 403 1303 455 Mosq.
1337 403 1464 444 Vatic.
1495 404 1590 444 Cla-

192 470 296 509 vier.
353 464 504 504 Deinde
520 465 694 503 formula
714 463 878 516 λέγουσι
902 462 936 502 δ’
951 453 1029 501 οὖν
1042 460 1311 512 praecedente
1328 459 1409 513 μὲν·
1427 467 1489 501 est
1503 461 1590 502 He·-

194 527 379 572 rodotea,
402 515 472 561 hic
489 535 657 574 prorsus
681 520 922 566 oblitterata,
941 524 980 556 et
992 518 1036 556 in
1055 517 1189 566 rebus,
1208 530 1311 570 quae
1331 518 1398 556 vel
1419 519 1498 571 ipsi
1515 531 1590 558 au·-

197 583 314 632 ctori,
344 580 412 619 vel
436 580 523 618 aliis
544 579 675 617 minus
697 576 908 616 credibiles
928 575 997 614 vel
1018 574 1196 614 incertae
1216 575 1463 626 viderentur,
1493 589 1591 616 nar-

194 640 333 683 randis
351 638 410 677 ita
428 635 696 675 adhibebatur
709 665 719 682 ,
747 640 795 672 ut
811 631 1074 685 significaret:
1103 630 1363 672 nihilominus
1389 641 1521 674 tamen
1542 629 1590 672 id

193 705 376 738 narrant.
436 694 503 732 Sic
526 692 677 732 Herod.
699 692 766 741 IV,
787 694 833 734 5:
871 692 952 731 Τοῦ
985 685 1211 744 Ταργιτάου
1229 684 1376 730 τούτου
1404 686 1502 738 τοὺς
1521 704 1590 731 το,-

194 755 289 803 κέας
307 753 469 806 λέγουσι
488 747 605 799 εἶναι,
634 748 722 803 ἐμοὶ
740 748 812 802 μὲν
834 743 885 789 οὔ
907 743 1029 788 πιστοὶ
1050 746 1248 800 λέγοντες,
1279 745 1440 799 λέγουσι
1458 747 1496 788 δ’
1515 739 1588 796 dv,

194 814 278 855 Δία
301 826 341 851 τε
362 809 427 850 καὶ
446 806 731 862 Βορυσθένεος
748 807 824 846 τοῦ
839 805 1029 857 ποταμοῦ
1053 802 1271 858 θυγατέρα.
1303 802 1374 851 111,
1402 806 1480 847 80:
1518 802 1592 845 aa}

194 868 416 922 ἐλέχθησαν
432 862 547 918 λόγοι
568 860 732 905 ἄπιστοι
747 861 821 915 μὲν
852 862 997 903 ἐνίοισι
1019 856 1257 913 Ἓλλήνων,
1295 859 1518 913 ἐλέχθησᾳν
1550 861 1589 902 δ’

196 921 269 968 ὦν.
306 923 379 963 ubi
403 936 444 962 v.
470 921 790 960 Valckenarium.
851 919 1027 969 Cognata
1063 924 1123 957 est
1155 917 1328 956 formula
1362 916 1523 971 λέγουσι
1546 914 1592 959 δὲ

195 980 306 1038 ὅμως
328 981 380 1030 ΙΙ,
401 983 453 1022 19
475 986 577 1018 extr.
606 991 725 1030 quam
745 977 792 1015 in·
805 982 992 1015 nostrum
1021 976 1158 1014 locum
1189 974 1409 1013 transferre
1423 1003 1436 1023 ,
1475 986 1592 1015 eum-

196 1054 275 1095 que
304 1039 361 1077 ita
384 1036 562 1076 seribere
590 1036 724 1074 voluit
756 1034 932 1072 Clavier:
969 1033 1132 1086 λέγουσι
1156 1031 1195 1074 δ’
1224 1026 1336 1084 ὅμως
1358 1030 1428 1073 καὶ
1452 1030 1592 1085 ἔχουσι

196 1093 353 1153 βωμόν.
387 1093 459 1132 sed
480 1093 763 1131 Nominativus
779 1087 919 1145 βωμὸς
948 1089 1205 1142 reponendus
1235 1087 1386 1140 pendet
1414 1102 1438 1127 a
1467 1101 1590 1141 prae·

195 1155 364 1194 cedente
384 1151 512 1190 verbo
531 1151 747 1192 δείκνυται.
808 1147 942 1195 Quum
967 1146 1209 1186 Letronnius
1229 1144 1351 1199 hujus
1375 1145 1459 1184 loci
1479 1150 1590 1188 stru-⁵·

194 1219 351 1251 cturam
368 1222 451 1246 non
471 1207 594 1258 magis
614 1206 887 1258 perspexisset
904 1216 1025 1255 quam
1033 1203 1278 1251 Clmaeierius,
1309 1202 1510 1242 Clavierio
1525 1202 1590 1242 se·

192 1269 314 1309 licior
332 1280 418 1306 esse
436 1277 520 1303 non
541 1263 678 1316 potuit
693 1263 734 1301 in
751 1262 832 1300 hoc
853 1261 946 1300 loco
972 1260 1210 1311 fractand05
1269 1259 1438 1310 corrigit
1462 1259 1589 1300 enim:

193 1327 333 1380 ἔχουσι
355 1325 391 1365 δ’
409 1314 485 1364 οὖν
501 1321 572 1362 καὶ
583 1317 725 1375 βωμὸν
745 1323 848 1360 Ποσ.
870 1330 942 1358 seu
962 1318 1126 1373 λέγουσι
1143 1319 1180 1359 δ’
1211 1313 1319 1358 εἶναι
1344 1315 1416 1359 καὶ
1445 1313 1590 1372 βωμὸν

193 1388 301 1425 Ποσ.
333 1381 411 1419 Hic
429 1378 657 1429 similesque
677 1377 760 1415 loci
779 1377 950 1423 docent,
981 1375 1150 1428 injustas
1169 1387 1290 1426 saepe
1318 1387 1405 1413 esse
1443 1385 1589 1426 quere·-

192 1442 253 1480 las
275 1444 434 1478 nostras
455 1436 505 1474 de
522 1435 739 1474 Pausaniae
758 1434 1004 1473 obscuritate
1035 1439 1075 1472 et
1105 1431 1284 1478 lacunis,
1324 1437 1366 1470 et
1391 1443 1472 1484 quo
1495 1431 1589 1484 jure

165 1540 168 1543 ,
192 1499 238 1537 in
255 1499 370 1536 illum
389 1494 509 1546 culpa
530 1493 797 1532 transferatur
811 1521 821 1539 ,
853 1491 886 1528 si
907 1489 1006 1541 quid
1023 1491 1066 1528 in
1088 1489 1174 1542 ejus
1203 1487 1317 1528 libris
1347 1501 1432 1528 non
1465 1487 1590 1528 intel-

192 1556 376 1607 ligamus.
419 1553 540 1589 Suam
561 1550 610 1588 de
634 1548 811 1602 Neptuni
820 1547 968 1601 Hippin·
987 1546 1222 1598 cognomine
1238 1545 1467 1597 opinionem
1487 1558 1591 1599 pro-

194 1613 269 1651 mit
294 1609 510 1651 Pausanias
539 1607 627 1654 VII,
654 1610 723 1654 21,
758 1610 797 1649 3.
855 1604 967 1642 Idem
999 1604 1104 1651 VIII,
1134 1606 1191 1646 47
1226 1600 1590 1642 Manthuriensium

194 1670 311 1708 affert
331 1666 508 1706 fabulam
525 1663 575 1703 de
595 1661 784 1702 Minerva
806 1659 974 1714 Hippia.
1026 1660 1149 1711 Apud
1177 1659 1341 1697 Suidam
1364 1671 1405 1697 v.
1423 1653 1590 1711 ,Ἱππία

193 1732 235 1766 et
252 1726 295 1764 in
313 1722 490 1764 Bekkeri
499 1719 650 1760 Anecd.
670 1733 710 1771 p.
721 1718 807 1762 350
829 1724 995 1756 auctore
1010 1717 1170 1756 Mnasea
1191 1715 1343 1755 dicitur
1356 1729 1378 1754 e
1396 1715 1586 1772 Nepumo

193 1790 235 1823 et
251 1780 462 1834 Coryphe,
493 1791 566 1816 seu
585 1777 709 1824 Core,
740 1775 892 1813 Oceani
908 1773 1012 1822 filia,
1043 1781 1135 1812 nata
1156 1769 1265 1826 ἅρμα
1295 1769 1436 1826 πρώτη
1465 1773 1586 1814 ma.

191 1835 437 1881 σκευάσασα.
467 1837 518 1877 cf.
549 1833 668 1873 etiam
698 1830 749 1870 ad
779 1832 846 1880 IV,
876 1835 946 1880 36,
975 1834 1014 1872 2.
1041 1831 1119 1869 Pro
1141 1826 1284 1884 ἡρῷον
1302 1835 1364 1867 est
1380 1831 1586 1882 ηρεῖονίιι

189 1895 398 1936 Vaticano.
458 1894 540 1931 Cur
554 1897 715 1944 praeter
738 1886 934 1942 Oedipum
950 1886 1159 1926 Adrastus
1181 1886 1305 1940 liujus
1320 1885 1438 1925 heroi
1453 1886 1587 1940 parti-

191 1967 287 2006 ceps
310 1953 441 1990 factus
458 1951 533 1998 sit,
565 1963 587 1987 e
608 1946 751 1986 Thesei
771 1946 893 1985 rebus
916 1945 1185 1996 cognoscitur.
1215 1940 1261 1984 τὸ
1285 1941 1330 1984 δὲ
1346 1939 1471 1992 ἄλσος
1487 1959 1525 1985 κ.
1546 1947 1584 1986 λ.

191 2012 243 2049 cf.
277 2023 362 2064 cap.
396 2012 433 2057 1,
467 2011 503 2049 1.
539 2003 755 2057 Sylburgio
788 2003 954 2042 videtur
986 2002 1200 2042 Amasaeus
1231 2001 1377 2052 legisse
1403 2013 1489 2042 non
1515 1995 1587 2043 ἅλ-
1622 2041 1625 2051 ,

188 2072 303 2119 love,
327 2066 401 2107 sed
415 2061 575 2107 ἄλλοθι.

551 2253 914 2304 CAPUT
992 2250 1220 2302 XXXI.

191 2386 201 2405 „
303 2352 363 2393 De
382 2347 526 2406 δήμοις
538 2338 716 2398 ‘Atticae,
748 2348 820 2400 qui
838 2346 907 2384 hic
937 2350 1216 2393 recensentur,
1253 2348 1436 2382 veterum
1466 2341 1583 2390 locos

188 2410 370 2450 studiose
391 2413 677 2459 congesserunt
691 2404 886 2444 Meursius
915 2403 965 2441 de
1005 2402 1168 2454 Populis
1195 2400 1350 2439 Atticae
1374 2400 1418 2438 in
1455 2400 1580 2439 Gron.

187 2467 308 2507 Thes.
320 2467 375 2507 IV
388 2474 428 2506 et
438 2465 674 2515 Vindingius
691 2476 735 2501 in
749 2462 914 2510 Hellene
929 2459 1025 2498 ibid.
1046 2459 1115 2497 xJ.
1136 2457 1239 2496 adde
1259 2455 1528 2497 Chandlerum
1544 2471 1581 2497 c.

188 2529 259 2568 81.
277 2529 332 2569 33
352 2538 439 2576 sqq.
461 2522 646 2578 inprimis
668 2520 716 2558 Ο.
737 2518 974 2558 Muellerum
992 2517 1035 2554 in
1055 2513 1210 2553 Erschii
1242 2520 1282 2552 et
1300 2513 1475 2554 Gruberi
1496 2514 1582 2553 En-

189 2582 296 2633 cycl.
316 2586 355 2630 6,
376 2584 460 2624 220
479 2593 567 2632 sqq.
593 2578 744 2618 Partim
787 2581 896 2615 certe
929 2586 1070 2613 eorum
1097 2573 1198 2611 situs
1227 2571 1419 2623 cognosci
1444 2576 1582 2625 potest

189 2651 212 2677 c
230 2638 360 2677 strab.
381 2639 452 2687 IX,
477 2640 562 2680 898
584 2650 643 2688 sq.
676 2636 734 2673 De
754 2631 953 2671 vocabulo
970 2644 1061 2682 ipso
1083 2643 1122 2668 v.
1144 2629 1195 2667 ad
1210 2628 1239 2677 Ι,
1263 2633 1300 2678 1,
1322 2633 1362 2671 2.

300 2695 344 2748 ᾗ.
379 2701 414 2737 1.
445 2694 604 2732 Initium
628 2692 747 2744 hujus
763 2690 846 2729 loci
863 2690 1068 2728 Porsonus
1098 2687 1156 2726 ita
1184 2685 1379 2726 restituit:
1436 2688 1578 2739 Δῆμοι

190 2751 233 2794 δὲ
248 2752 291 2794 οἱ
305 2751 443 2806 μικροὶ
466 2754 536 2804 τῆς
555 2744 767 2803 Ἀττικῆς,
801 2743 854 2796 ὥς
871 2747 1001 2800 ἔτυχεν
1023 2743 1190 2793 ἕκαστος
1224 2742 1440 2794 affaminis»,
1482 2740 1578 2785 τάδε
