1708 3086
592 271 987 306 PRAEFATIO.
1349 268 1490 305 xum

91 349 369 432 haliem'us,'
404 387 553 440 quem
597 386 756 421 tamen
806 365 1003 422 vertisse
1046 370 1186 419 etiam
1220 374 1490 421 Romulum

93 447 427 505 Amasaeum,
463 456 510 491 et
541 457 651 491 ante
694 460 805 490 eum
846 446 1119 504 Calpurum
1142 441 1396 507 quendam
1432 456 1491 489 ex

84 511 403 578 'quorundam
424 513 520 560 fide
542 512 712 560 refert
709 512 790 562 vir
815 507 991 560 doctiss
1020 510 1173 558 Lilius
1195 510 1297 577 Gy1
1288 510 1453 558 aldus
1456 515 1489 541 “

93 580 194 630 Sed
217 598 378 648 neque
396 581 655 631 Perusinus
678 577 914 660 Stephani
931 580 1083 629 codex
1108 579 1313 628 discedit
1335 596 1360 626 a
1382 579 1490 627 vul-

92 664 199 730 gata
221 658 272 702 ἐν
295 647 505 716 δεκατῳ,
541 666 702 717 neque
738 647 853 699 alibi
880 666 957 700 me
995 649 1055 697 de
1078 652 1335 699 undecimo
1367 650 1505 698 Pau-·

91 720 262 768 ‘alaniae
272 721 547 787 Periegetae
576 721 703 770 libro
736 721 812 768 vel
838 735 1017 798 graeco
1049 720 1126 768 vel
1156 720 1217 767 ab
1253 718 1488 767 Amasaeo

92 789 239 838 latine
297 789 488 839 reddito
546 791 708 857 lesere
758 789 969 838 memini.
1088 789 1150 836 Et
1198 789 1491 843 Aniasaeum

92 857 292 938 quidem
309 860 477 926 plures
498 877 643 924 quam
667 859 837 908 decem
861 858 1119 908 Pausaniae
1139 858 1289 906 libros
1309 857 1383 905 vel
1406 874 1489 904 co-

91 928 251 996 gnitus
274 926 514 989 habuisse,
553 926 659 976 vel
648 948 696 976 m
711 927 906 977 latinam
929 928 1162 1007 linguam
1169 947 1193 975 a
1220 945 1269 974 se
1290 926 1491 974 ἰι-3ιι513·

93 1007 171 1046 {zos
188 997 436 1064 reliquisse
466 999 761 1064 negwavenim,
806 998 889 1045 illo
923 1002 1025 1061 ejus
1057 993 1333 1053 testimonio
1359 1014 1492 1044 com-

91 1081 280 1128 motus,
318 1066 485 1133 quod
473 1086 524 1114 m
529 1037 753 1133 ”epistola
774 1067 834 1114 ad
857 1066 1188 1116 Alexandrum
1211 1065 1492 1114 Farnesium

94 1134 403 1184 Cardinalem
437 1135 730 1186 dedicatoria
760 1136 950 1184 editum
983 1138 1050 1184 ita
1084 1137 1254 1185 habet:
1291 1136 1492 1200 „Atque

93 1203 134 1253 is
158 1205 451 1266 (Pausanias)
474 1203 671 1272 quidem
705 1217 916 1256 veterem
950 1210 1219 1255 Graeciam
1250 1208 1303 1254 in
1339 1206 1493 1253 libros

93 1278 258 1324 decem
290 1279 589 1339 descriptam
625 1276 780 1324 oculis
827 1294 951 1342 pene
987 1269 1273 1339 subjiciens,
1295 1291 1493 1353 parem

45 1362 47 1365 ’
93 1360 250 1410 prope
271 1341 360 1392 tibi
380 1345 678 1410 voluptatem
703 1345 880 1410 poterit
905 1360 1172 1411 apportare,
1213 1364 1268 1391 ae
1292 1340 1392 1409 ipsa
1416 1361 1492 1391 so·

34 1416 35 1419 ’
95 1414 179 1461 lita
200 1427 270 1460 est
291 1411 353 1460 ad
371 1426 558 1461 exteros
578 1414 804 1479 Europae
827 1415 1036 1480 populos
1058 1427 1277 1478 suscepta
1304 1414 1398 1475 jam
1420 1426 1493 1460 to-

96 1482 185 1530 ties
205 1482 541 1548 peregrinatio.
547 1487 578 1512 ‘⁶
616 1483 779 1540 Quare
793 1501 883 1550 ego
905 1483 1102 1548 quidem
1126 1484 1347 1550 vulgatae
1362 1480 1493 1547 apud

97 1544 399 1629 Stephanum
420 1552 619 1600 lectioni
638 1551 898 1613 inhaereo,
935 1553 991 1600 ils
1021 1571 1121 1600 non
1145 1566 1331 1612 motus,
1367 1564 1492 1618 quae

97 1617 359 1668 Kuhnius
346 1640 394 1668 ιιι
417 1618 717 1685 praefatione
742 1633 948 1668 extrema
968 1621 1028 1668 de
1065 1620 1211 1668 simili
1245 1619 1356 1670 loco
1380 1638 1495 1685 pro-

100 1689 222 1738 tulit.
295 1690 485 1748 Quodsi
508 1690 760 1737 Pausanias
783 1691 841 1737 Τ
830 1693 1046 1758 unynaei
1070 1689 1236 1739 Jovis
1224 1710 1277 1759 ιιι
1301 1691 1492 1738 decimo

97 1776 209 1806 suae
240 1758 560 1826 περιηγήσεως
592 1760 721 1807 libro
757 1776 871 1809 vere
904 1759 1204 1808 mentionem
1246 1756 1491 1822 injecerat,

97 1828 232 1876 hunc
252 1829 414 1875 locum
441 1847 497 1875 ex
520 1828 608 1876 illo
638 1828 794 1890 libro,
846 1831 1036 1895 qualem
1068 1846 1202 1876 nune
1236 1829 1491 1888 habemus,

100 1896 329 1944 excidisse
357 1911 616 1945 statuamus
646 1915 838 1946 necesse
875 1914 959 1960 est,
998 1913 1045 1946 et
1074 1898 1262 1946 lacunis
1282 1899 1373 1945 illis
1408 1898 1494 1946 ad-

99 1965 456 2014 numerandum
488 1984 588 2015 esse
602 2004 615 2028 ,
655 1966 716 2015 de
738 1967 914 2033 quibus
936 1981 1075 2017 antea
1098 1967 1284 2015 dietum
1305 1979 1386 2016 est.

238 2103 495 2152 Caeterum
528 2101 569 2153 si
610 2102 730 2172 quid
768 2123 858 2173 ego
898 2121 975 2155 me
1007 2124 1235 2173 magnum
1267 2103 1358 2154 hac
1387 2122 1495 2153 mea

100 2174 362 2223 Pausaniae
385 2174 594 2222 editione
616 2177 871 2240 perfecisse
891 2177 1224 2237 existimarem,
1261 2188 1495 2240 quantum

101 2261 146 2292 ει
132 2242 218 2291 ad
226 2240 414 2290 laudem
430 2245 584 2292 bonae
596 2247 935 2311 perfectaeque
952 2246 1175 2293 editionis
1196 2244 1403 2292 deesset
1394 2260 1496 2307 ipse

101 2311 304 2373 nescire,
342 2313 615 2378 stultaeque
636 2316 932 2379 arrogantiae
966 2333 1074 2362 reus
1098 2315 1174 2380 agi
1206 2328 1338 2361 recte
1363 2310 1495 2359 vide-

102 2400 193 2431 rer.
266 2381 434 2439 Quum
460 2382 595 2446 quod
615 2384 833 2431 volebam
862 2404 962 2432 non
992 2401 1204 2449 possem,
1242 2381 1337 2429 feci
1359 2378 1497 2447 quod

101 2450 269 2517 potui3
306 2448 403 2497 hoc
432 2467 547 2499 vero
573 2471 717 2518 quam
750 2452 981 2520 exiguum
1004 2453 1086 2513 sit,
1124 2468 1270 2498 nemo
1293 2468 1369 2498 me
1395 2467 1497 2497 me-

102 2519 197 2570 lius
219 2519 401 2567 sentiet
491 2519 591 2567 Sed
621 2535 784 2568 tamen
806 2523 845 2568 si
880 2541 974 2587 qua
1005 2539 1197 2586 possem
1227 2521 1288 2568 de
1324 2520 1494 2567 Pausa-

106 2589 184 2636 nia
202 2601 249 2636 et
270 2588 453 2635 facilius
470 2589 681 2654 legendo
704 2604 751 2637 et
770 2589 946 2638 rectius
966 2588 1285 2667 intelligendo
1301 2590 1496 2648 mereri,

105 2657 158 2706 id
192 2674 268 2704 me
302 2657 352 2704 in
376 2675 485 2704 eum
517 2658 741 2706 conferre
776 2673 1001 2723 oportere
1042 2656 1324 2719 existimavi,
1361 2655 1498 2723 quod

105 2723 308 2794 quisque
341 2727 488 2790 possit
522 2740 602 2775 aut
640 2746 689 2774 se
716 2744 854 2792 posse
887 2727 1076 2792 medat,
1123 2726 1174 2775 id
1208 2727 1252 2775 ei
1281 2727 1333 2777 in
1363 2744 1495 2775 coni-
