1708 3086
191 235 277 278 248
465 223 1249 274 ·ιι)ΝοΤΑι-ιοι«ἰιε“

194 348 292 397 lint,
329 346 411 400 jam
438 347 674 401 Sylburgius
700 348 923 388 adnotavit:
963 348 1068 389 illud
1096 361 1194 388 vero
1223 346 1322 388 huie
1348 347 1434 389 sine
1455 341 1604 390 dubio·

193 404 501 458 praeferendum
511 412 570 445 est
582 413 746 458 propter
765 407 933 445 alterum
958 407 1176 445 Pausaniae
1197 406 1331 446 locum
1350 407 1380 457 Ι,
1391 411 1483 458 3,3’,
1507 407 1588 448 ubi
1611 428 1619 438 x

193 463 344 514 Apollo
379 461 631 503 Alexicacus
660 464 709 502 ab
735 463 1041 503 Atheniensibus
1066 463 1365 515 cognominatus
1381 464 1581 516 traditur,

196 534 259 560 οτι
280 534 353 572 την
374 518 551 589 λοιμώδη
573 521 690 572 σφίσι
708 517 831 562 νόσον
854 516 958 573 ὁμοῦ
984 525 1043 576 τῷ
1074 522 1392 574 Πελοποννησίῳ
1420 521 1582 576 πολέμου

193 576 410 624 πιέζουσαν
430 573 528 618 κατὰ
550 573 751 630 μάντευμα
773 579 946 619 ἔπαυσεν
962 578 1004 620 ἐκ
1029 581 1223 628 Δελφῶν,
1261 578 1332 617 ubi
1361 578 1479 617 etiam
1506 578 1582 618 Al·-

197 633 294 671 dina
313 631 465 685 ἔιμώδη
481 648 557 686 pro
576 632 752 686 λοιμώδη
787 635 960 675 exhibet.
1027 636 1142 674 Illam
1176 648 1281 701 elgo·
1298 635 1580 688 pestilentiam,

195 704 298 742 quae
324 690 419 729 belli
444 691 773 743 Peloponnesiaci
812 692 926 731 initio
963 692 1139 731 Athenas
1177 691 1348 732 maxime
1381 693 1580 742 vastavit,

193 748 465 786 existimamus
484 748 551 786 hic
580 749 816 799 significaii3
846 762 977 802 neque
997 749 1099 789 illud
1118 756 1317 802 repugnat
1329 748 1582 801 Thucydidis

192 804 319 853 11‚54
341 805 390 843 de
413 805 553 843 eodem
572 805 643 844 illo
661 807 788 845 malo:
828 807 895 848 καὶ
912 807 953 854 ἐς
973 806 1044 858 μὲν
1075 803 1394 875 Πελοπόννησον
1418 802 1494 848 οὐκ
1519 806 1580 855 ἐς·

191 863 322 913 ἦλθεν
345 858 368 904 ὅ
386 879 422 902 τι
444 859 558 909 ἄξιον
591 863 660 903 καὶ
685 865 826 914 εἰπεῖν,
868 864 1096 916 ἐπενείματο
1125 862 1167 906 δὲ
1187 856 1368 916 Ἀθήνας
1397 859 1579 915 μάλιστα,

192 918 264 956 ubi
289 924 444 958 tantuin
461 926 629 970 negatur
644 919 745 959 haee
763 921 1022 973 pestilentia
1011 936 1052 959 m
1074 920 1352 972 Peloponneso
1382 933 1583 960 memora·-

191 974 273 1014 bilo
255 990 316 1014 ⁰111
337 975 507 1015 edidisse
514 949 702 1017 bcladem:
742 992 913 1030 namque
933 978 1098 1016 eandem
1126 978 1499 1030 inPeloponnesum
1510 990 1583 1030 pe-

190 1040 395 1082 nott-asse,
426 1033 517 1071 loco
541 1035 762 1074 clarissimo
786 1049 913 1088 eoque
930 1035 1013 1074 huc
1030 1035 1200 1074 maxime
1219 1036 1441 1086 pertinente
1457 1040 1584 1074 testa-

192 1095 259 1128 tu.-
280 1090 491 1128 Pausanias
509 1091 612 1141 VIII,
630 1097 697 1140 41,
719 1096 758 1140 5,
781 1091 850 1130 ubi
872 1106 1049 1142 causam,
1082 1105 1155 1130 cur
1178 1091 1322 1144 Apollo
1349 1092 1458 1145 apud
1483 1091 1582 1131 Phi-

192 1147 269 1197 gal
269 1161 373 1185 uses
387 1143 657 1201 ’ἴ-Στιικούριος
676 1150 897 1217 appellatus
914 1151 987 1199 sit,
1009 1161 1252 1218 exponens,
1290 1148 1333 1188 id
1361 1149 1399 1188 ei
1429 1161 1583 1199 cogno-

190 1204 310 1242 minis
333 1204 471 1242 datum
491 1205 546 1243 ait
562 1202 873 1260 ἐπικουρησαντι
892 1207 956 1248 ἐπὶ
974 1202 1083 1259 νόσῳ
1105 1202 1314 1257 λοιμώδει
1343 1204 1492 1247 καθότι
1510 1203 1582 1248 καὶ
1635 1203 1639 1210 “

190 1257 287 1311 παρ’
304 1257 553 1314 Ἀθηναίοις
576 1263 812 1331 ἐπωνυμίαν
829 1263 970 1317 ἔλαβεν
991 1249 1252 1312 Ἀλεξίκακος
1273 1262 1320 1312 (I,
1329 1267 1368 1312 3,
1379 1252 1446 1316 8),
1478 1277 1582 1304 απο-

191 1318 345 1368 τρὲψας
364 1319 432 1359 καὶ
455 1315 613 1368 τούτοις
632 1317 706 1372 τὴν
727 1316 873 1362 νόσων
907 1321 1053 1362 ε’παυσε
1074 1318 1116 1360 δὲ
1139 1314 1216 1360 ὖπὸ
1240 1316 1310 1361 τὸν
1337 1323 1419 1360 τῶν
1451 1321 1581 1361 Πελο-

191 1376 430 1441 ποννησίων
458 1376 527 1417 καὶ
554 1373 796 1427 Ἀθηναίων
837 1372 1011 1430 πόλεμον
1043 1376 1112 1418 καὶ
1140 1373 1237 1424 τούς
1267 1375 1482 1431 Φιγαλέας,
1511 1374 1582 1417 καὶ

193 1425 269 1472 οὐκ
293 1432 335 1473 ἕν
352 1431 470 1500 ἑτέρῳ
485 1437 626 1504 καιρῷ;
646 1434 760 1474 Adde
779 1436 829 1483 X,
851 1438 916 1483 11,
949 1432 977 1478 4
1007 1436 1232 1474 Κλεωναῖοι
1260 1432 1303 1474 δὲ
1322 1393 1583 1485 ἐπιέσθησαν

190 1487 265 1541 μὲν
291 1485 389 1530 κατὰ
416 1487 460 1531 τὸ
493 1485 589 1532 αὐτὸ
615 1485 860 1544 Ἀθηναίοις
887 1487 968 1533 find
997 1504 1123 1532 νοσου
1141 1493 1214 1541 τῆς
1241 1489 1478 1546 λοιμώδους.
1517 1489 1582 1528 Ex

192 1545 339 1598 quibus
367 1548 519 1598 poterit
547 1548 739 1599 intelligi,
797 1562 871 1587 nos
899 1562 981 1587 non
1013 1547 1197 1586 statuisse
1227 1553 1395 1611 propter
1412 1546 1582 1587 verbum

190 1602 260 1643 πιὲ
265 1608 338 1648 ξειν
358 1604 611 1644 scribendum
630 1620 715 1644 esse
733 1609 899 1656 λοιμοῦ,
930 1605 1039 1656 quod
1061 1605 1234 1656 Sylburb
1215 1604 1299 1642 “Ius
1331 1604 1412 1643 de'
1400 1604 1471 1653 lis,
1510 1602 1582 1656 qui

191 1628 358 1699 mallent
380 1665 525 1714 λοιμοῦ
543 1677 662 1713 quam
682 1666 823 1712 λιμοῦ,
853 1662 1018 1701 videtur
1045 1662 1266 1713 suspicatus
1298 1675 1393 1700 esse.
1433 1660 1583 1709 πιέζειν

191 1717 301 1754 enim
318 1730 543 1769 quanquam
564 1726 602 1758 et
612 1720 824 1758 Pausanias
842 1719 884 1757 ll.
903 1720 946 1758 ll.
958 1725 997 1757 et
1009 1717 1265 1769 Thucydides
1284 1718 1352 1766 ΙΙΙ,
1364 1721 1420 1761 87
1441 1717 1492 1756 de
1508 1717 1582 1756 ,illa

191 1774 421 1825 pestilentia
441 1775 729 1826 adhibuerunt,
777 1783 928 1824 tamen,
985 1774 1094 1827 quod
1124 1775 1231 1812 idem
1258 1775 1494 1827 Sylburgius
1529 1785 1583 1812 ex

193 1829 362 1869 Pausan.
380 1831 428 1879 ΙΙ,
453 1837 520 1880 23,
545 1836 581 1875 1.
602 1838 671 1880 33,
696 1838 721 1877 3
741 1833 937 1880 ostendit,
969 1832 1019 1870 ad
1051 1831 1126 1869 alia
1155 1844 1316 1883 quoque
1343 1831 1583 1878 translatum

194 1892 267 1925 est.
301 1887 584 1938 Goldhagenus
603 1890 814 1929 nobiscum
833 1890 983 1928 faciens
1001 1888 1198 1928 reddidit:
1236 1903 1358 1940 gegen
1385 1886 1448 1926 die
1475 1886 1580 1926 Pest-

308 1943 350 1996 §·
381 1949 421 1987 6.
452 1945 513 1983 De
536 1962 633 1999 agro
659 1947 869 1986 Troezenio
891 1959 1020 1997 usque
1057 1945 1107 1983 ad
1129 1945 1248 1983 finem
1273 1944 1393 1997 hujus
1422 1942 1580 1997 capitis.

192 1999 259 2039 Ad
280 2000 381 2048 ἴδοις
400 2002 604 2041 Porsonus
643 2017 734 2042 cum
756 2004 913 2055 Corayo
943 2001 996 2043 οἷν
1025 2002 1252 2040 addendum
1284 2001 1449 2040 censuit.
1499 2001 1595 2039 Pro-

188 2051 406 2108 Ἀσκραίοις
420 2056 531 2097 haud
548 2057 877 2115 ἀιι1)16’Λκραίας
894 2059 1151 2098 scribendum
1175 2065 1235 2096 est
1256 2071 1345 2096 cum
1366 2057 1582 2110 Sylburgio

196 2120 237 2151 et
252 2113 424 2167 Nibbyo.
447 2116 498 2154 cf.
520 2116 571 2166 ΙΙ,
591 2121 630 2166 7,
647 2118 686 2161 5.
707 2121 775 2166 24,
799 2121 834 2159 1.
856 2117 887 2166 1,
912 2121 1008 2166 1‚3.
1029 2113 1208 2167 τὸνμὲν,
1238 2111 1307 2156 ἅτε
1327 2114 1579 2167 Mosq.Clav.

192 2170 342 2223 ,ὒίὶὼ5
371 2170 441 2212 τὸν
460 2171 531 2226 μὲν
554 2171 654 2214 ναὸν
673 2169 1091 2226 νυ13.ἇιικαρνασεῖς
1104 2171 1195 2211 Ald.
1217 2172 1369 2211 Forsan
1389 2178 1481 2211 ante
1496 2170 1579 2210 hoo

194 2241 341 2267 nomen
358 2232 410 2282 τῇ
435 2232 652 2285 Τροιζηνία
673 2230 887 2281 legendum
907 2236 978 2269 est.

315 2285 356 2338 §.
388 2288 426 2327 7.
456 2286 594 2326 Indice
622 2287 818 2327 Palnierio
849 2287 958 2340 apud
983 2286 1231 2326 Athenaeum
1255 2285 1432 2334 111‚122
1459 2285 1488 2323 13.
1507 2262 1580 2326 hic

191 2339 439 2381 Troezeniae
454 2341 603 2383 fluvius
630 2348 782 2398 Ταῦρος
798 2350 981 2392 vocatur,
1002 2350 1048 2382 ut
1067 2344 1173 2396 apud
1194 2341 1439 2394 Hesychium
1459 2347 1581 2393 atque

193 2397 471 2448 Eustathium,
530 2415 631 2453 quos
659 2401 875 2440 laudarunt
899 2401 1048 2452 intrpp.
1090 2401 1139 2439 ad
1173 2399 1434 2445 Athenaeum.
1519 2399 1584 2436 De

196 2454 274 2492 hae
295 2471 404 2509 rupe
411 2430 548 2496 Tllesei
566 2465 604 2497 et
620 2457 699 2496 hac
720 2458 788 2496 via
805 2458 951 2496 iterum
975 2462 1042 2504 34,
1065 2461 1104 2505 6,
1127 2457 1176 2494 cs.
1199 2455 1327 2494 etiam
1324 2456 1435 2494 Plut.
1457 2454 1579 2500 Thes.

125 2514 128 2516 ’
194 2515 236 2559 3-
266 2512 336 2553 και
364 2509 463 2554 αυτό
497 2511 542 2555 τὰ
574 2529 689 2567 Ριίο
690 2514 748 2555 ιαὶ
767 2510 867 2566 αὕτη
898 2531 942 2555 το
963 2512 1090 2565 Mosq.
1124 2510 1367 2564 ἀνελομένου
1384 2507 1456 2552 νπ’
1476 2506 1582 2568 αὐτῇ

195 2570 399 2634 κρηπῖδας
418 2570 502 2608 scil.
529 2569 824 2624 κατακειμένας
883 2571 949 2608 Sic
968 2570 1084 2622 plene
1113 2565 1305 2637 λαμβανει
1332 2565 1404 2610 τὸν
1429 2563 1582 2622 ὄρνιθα

194 2619 276 2664 ὑπὸ
300 2628 356 2679 τῷ
373 2626 476 2679 λίθῳ
492 2628 783 2679 κατακείμενον
805 2628 878 2675 IX,
900 2630 968 2676 39,
989 2630 1028 2669 2.
1063 2621 1245 2678 Νυμφας
1273 2639 1294 2664 e
1320 2625 1491 2664 dialecto
1521 2623 1590 2665 ibi

194 2687 371 2749 recepta.
432 2684 619 2724 Similiter
640 2684 860 2724 dorismum
877 2683 1043 2722 retinuit
1063 2686 1132 2733 30,
1153 2685 1192 2724 7
1210 2687 1277 2732 81,
1296 2686 1335 2726 9.
1369 2682 1580 2752 Neptunus

205 2733 490 2792 ΦυτᾶλμιοςΙι.
510 2742 538 2783 1.
560 2740 799 2796 perhibetur
817 2741 949 2781 dictus
974 2753 1082 2790 esse,
1113 2739 1223 2793 quod
1247 2738 1300 2812 vd
1333 2735 1441 2792 φντα
1473 2735 1580 2793 α’λμῃ
