1708 3086
164 238 222 279 76
469 233 1215 278 ,AnNoTATIQNES

165 355 292 388 catur.
322 347 380 387 De
400 348 537 389 eadem
553 362 740 400 magnum
761 361 861 402 opus
879 348 1106 401 quindecim
1122 349 1322 391 librorum
1346 349 1551 404 vulgaire-3

162 412 227 445 rat
259 402 505 445 Heliodorus
530 404 753 460 Puriegetes.
795 407 845 444 cf.
867 406 918 451 de
942 420 989 445 eo
1008 407 1060 445 ad
1089 407 1119 456 I,
1139 411 1208 456 375
1230 412 1267 451 1.
1325 408 1430 461 Ergo
1452 422 1552 453 vere

154 462 347 522 fuerunt,
380 461 522 520 quibus
541 479 660 502 unum
676 478 772 517 opus
798 473 881 501 erat
901 464 1076 503 intactae
1101 462 1288 504 Palladis
1317 480 1428 506 arces
1446 462 1552 507 libro

160 528 347 574 perpetuo
366 517 583 572 celebrare,-
615 526 789 572 querum
805 520 1044 559 industriam
1062 520 1259 560 Meursius
1282 522 1461 562 imitatus
1490 528 1553 563 est
1589 540 1592 542 ’

162 577 207 616 in
228 576 431 632 Cecropia.
490 578 600 616 Libri
621 584 754 616 autem
772 577 998 616 Polemonis
1011 608 1022 627 ,
1059 578 1269 618 Heliodori
1300 580 1554 632 aliorumque

163 634 207 673 in
226 646 345 670 causa
366 641 585 685 potuerunt
602 649 707 685 esse,
740 648 813 673 cur
829 635 1042 674 Pausanias
1060 636 1184 674 multa
1214 635 1282 674 hic
1311 637 1380 677 vel
1405 637 1554 682 leviter

162 696 357 740 tangeret,
388 691 591 730 interdum
607 706 656 730 ne
677 692 770 730 sede
786 692 948 743 quidem
969 706 1107 733 eorum
1127 693 1315 743 indicata,
1344 694 1413 733 vel
1429 695 1555 747 'plane

149 747 378 790 .01nitteret.
439 750 570 796 Quam
590 749 675 801 ejus
699 749 937 789 brevitatem
954 751 1019 790 vel
1037 751 1350 790 taciturnitatem
1369 751 1556 792 desinant

164 804 378 855 aliquando
399 806 534 843 multis
556 806 689 844 verbis
712 807 860 845 mirari.
918 808 978 846 De
995 809 1100 846 arcis
1116 808 1326 847 altitudine
1347 808 1395 858 V,
1421 811 1488 859 11,
1510 810 1553 854 5.

164 867 227 901 est
247 862 308 899 Cl.
329 861 488 913 pedum.
509 865 668 901 Summa
689 877 763 904 arx
783 864 893 903 mille
912 877 983 903 seu
1001 868 1109 909 1150
1129 865 1252 922 pedes
1269 867 1403 917 longa,
1432 866 1556 918 quin-

163 924 304 970 gentos
325 919 405 958 lata
423 932 508 958 esse
533 919 693 959 dicitur.
754 921 810 961 Ac
831 921 1004 973 primum
1025 923 1074 962 de
1099 921 1330 978 Propylaeis
1349 923 1456 963 areis
1475 929 1557 962 ud·-

164 988 244 1029 que
261 974 314 1013 ad
331 975 372 1028 §L
389 980 413 1016 7
439 982 541 1018 extr.
561 977 613 1016 cf.
634 978 953 1020 Winckelmanni
977 979 1079 1033 Opp.
1097 980 1200 1028 VIII,
1222 985 1318 1024 218.
1337 986 1379 1020 et
1399 976 1558 1020 Boettk

163 1033 250 1083 geri
267 1032 559 1084 Andeutungen
577 1047 630 1073 zu
651 1039 706 1077 24
732 1036 882 1076 Vorles.
903 1049 943 1090 p.
967 1040 1035 1079 77.
1065 1038 1218 1076 Tenuia
1236 1051 1378 1077 eorum
1400 1037 1558 1089 magni-

162 1089 347 1128 ficentiae
385 1096 540 1132 restant
577 1092 757 1144 vestigia.
815 1094 955 1143 ἔσοδος
989 1093 1117 1148 Mosq.
1165 1095 1324 1146 εἴσοδος
1368 1094 1555 1148 vulgata.

206 1148 269 1199 ἰσχ
1526 1159 1528 1163 ’

163 1201 310 1257 ἐχυρόν
329 1203 457 1259 Mosq.
481 1206 606 1248 λίθου
623 1229 682 1239 -
703 1207 789 1262 ἔχει.
819 1209 981 1249 Lateres
994 1223 1242 1251 marmoreos
1259 1209 1556 1263 AthenaeLon-

163 1260 302 1299 diuum
325 1274 455 1314 nuper
479 1264 682 1303 miserunt.
726 1263 796 1313 τᾶς
825 1265 1252 1321 μὲν-πεποιημέναι.
1299 1270 1484 1307 Stuartus
1511 1267 1559 1307 in

165 1316 301 1370 Antiq.
325 1318 369 1356 of
391 1318 480 1358 Ath.
505 1320 549 1358 T.
575 1322 607 1359 [I
629 1335 665 1372 p.
679 1326 734 1366 39
755 1322 1027 1364 Chandlerum
1046 1332 1240 1378 sequutus
1265 1325 1316 1365 de
1333 1323 1398 1365 his
1416 1323 1558 1364 statuis

165 1374 446 1429 equestribus,
478 1390 648 1428 quarum
669 1379 790 1419 altera
819 1387 910 1420 ante
934 1381 1140 1433 dextram,
1180 1384 1305 1423 altera
1341 1388 1432 1421 ante
1458 1381 1562 1421 sini·-

165 1438 292 1471 stram
311 1432 628 1486 Propylaeoruui
648 1438 750 1476 alam
771 1438 871 1487 fuit,
908 1439 983 1478 ita:
1020 1439 1248 1480 »whatever
1280 1438 1410 1491 might
1433 1438 1578 1490 origi--

165 1491 277 1541 nally
297 1488 401 1530 have
425 1491 529 1530 been
549 1491 618 1530 the
639 1494 839 1538 intention
861 1496 908 1534 os
920 1495 1034 1537 these
1058 1497 1230 1548 figures,
1275 1510 1352 1539 one
1381 1496 1429 1539 of
1447 1494 1561 1535 them

167 1560 334 1600 appears
356 1547 412 1600 by
430 1562 478 1588 an
496 1548 735 1602 inscription
752 1552 834 1595 still
850 1553 996 1604 legible
1015 1552 1072 1608 (v.
1096 1554 1367 1598 Ghandlerum
1401 1565 1487 1606 cap.
1510 1550 1560 1606 9)

165 1610 210 1643 to
232 1604 335 1643 have
355 1604 458 1646 been
476 1607 722 1647 transferred
741 1615 783 1647 to
803 1610 854 1648 M.
874 1610 1073 1664 Agrippa,
1114 1626 1155 1649 as
1175 1610 1244 1650 the
1260 1610 1380 1650 other
1407 1609 1560 1663 proba-

165 1661 239 1713 bly
272 1675 356 1700 was
393 1669 434 1700 to
463 1663 676 1713 Augustus.
692 1681 711 1701 «
741 1668 860 1707 παῖδε
882 1667 1010 1719 Mosq.
1035 1668 1078 1717 ἐς
1095 1674 1186 1707 ante
1213 1665 1454 1720 εὐπρέπειαν
1485 1665 1560 1706 de·-

167 1719 284 1757 estin
299 1719 426 1770 Mosq.
449 1724 489 1757 et
508 1719 662 1759 Aldina.
694 1725 772 1763 τῶν
795 1721 1006 1772 δὲ--ναός
1026 1724 1053 1762 i.
1074 1738 1108 1764 e.
1137 1725 1172 1763 si
1198 1725 1392 1777 Sponium
1420 1723 1561 1776 sequi-

166 1789 279 1816 mur:
310 1773 366 1813 ad
379 1774 571 1814 dextram
589 1793 660 1830 per
682 1777 909 1833 Propylaca
929 1782 1116 1834 ingressis
1139 1783 1230 1835 jam
1246 1783 1288 1821 in
1308 1796 1440 1821 arcem
1471 1778 1562 1820 Vin*

166 1833 319 1872 ctoriae
325 1831 483 1886 fanum
501 1843 556 1871 est
566 1863 579 1882 ,
612 1836 722 1889 eique
736 1835 792 1874 ad
811 1837 1014 1876 sinistram
1040 1839 1130 1877 viae
1161 1839 1384 1892 oppositum
1409 1837 1569 1898 οἴκηρῶ
1596 1867 1599 1870 ,

167 1889 259 1942 ἔχον
298 1885 483 1943 γραφάς,
543 1891 591 1929 de
622 1905 703 1944 quo
731 1891 772 1950 §.
805 1897 844 1936 6.
868 1893 1068 1933 Chandler
1096 1895 1139 1936 ἒν
1169 1896 1283 1951 δεξιᾷ
1302 1893 1568 1946 intelligitffGv

167 1951 284 1999 parte
312 1945 455 1984 dextra
484 1947 820 1999 homiaem-um,
868 1964 951 1990 non
968 1951 1175 1992 hominum
1195 1951 1440 1991 intrantium.
1498 1951 1563 1990 D'e'

167 2003 247 2042 hac
277 2002 480 2045 Victoriae
510 2004 607 2043 aede
631 2006 890 2045 Hobhousius
908 2009 927 2046 I
944 2023 983 2061 p.
1003 2012 1088 2053 337
1122 2009 1303 2060 scripsit:
1361 2007 1462 2048 »the
1479 2008 1561 2047 last
1628 2057 1632 2061 .

168 2060 376 2102 memorial
403 2060 450 2099 of
469 2061 520 2098 its
551 2063 750 2102 existence
774 2077 857 2102 was
885 2065 1042 2105 carried
1063 2080 1178 2118 away
1193 2065 1382 2119 byssE'dxd
1398 2065 1560 2116 Elgin.«

168 2117 215 2157 In
231 2117 311 2155 hoc
326 2118 419 2155 fano
446 2131 539 2168 ergo
560 2119 638 2158 fm't
658 2121 843 2171 dignum,
874 2123 986 2175 quod
1001 2123 1171 2162 Calamis
1187 2116 1412 2165 imitamur
1426 2151 1436 2170 ,
1471 2121 1517 2161 V
1512 2122 1560 2160 i·-

169 2175 321 2214 ctoriae
341 2171 600 2217 simulacrum
628 2192 706 2217 non
723 2176 890 2218 alatum.
923 2181 973 2218 cf.
994 2180 1044 2219 de
1065 2194 1112 2219 eo
1143 2180 1191 2229 V,
1225 2184 1293 2229 26,
1327 2175 1561 2229 5·¹Ha1'P⁰·-·

170 2237 268 2270 crat.
291 2246 321 2270 s.
342 2245 380 2269 v.
406 2231 511 2284 Νίκη
529 2229 700 2285 Ἀθηνᾶ
721 2240 762 2272 et
793 2236 1014 2287 Boettigeri
1048 2238 1198 2276 Comm.
1226 2236 1276 2275 de
1305 2235 1485 2275 Victoria
1513 2231 1560 2275 in

168 2290 250 2327 vol.
279 2293 306 2332 2
325 2287 491 2341 Ephem.
512 2289 595 2328 Jen.
619 2304 653 2332 a.
678 2295 800 2335 1803.
815 2293 1050 2332 Pausaniam
1069 2294 1137 2343 III,
1162 2294 1227 2343 15,
1250 2295 1276 2338 5
1297 2293 1562 2341 referentem,

169 2344 270 2398 quid
299 2345 563 2386 Athenienses
588 2361 733 2387 causae
760 2351 985 2398 attulerint,
1037 2366 1109 2390 eur
1140 2349 1237 2388 haec
1259 2364 1334 2388 sua
1370 2347 1560 2388 Victoria

166 2418 250 2441 non
276 2410 372 2440 asset
399 2400 532 2453 alata,
590 2415 700 2443 nunc
722 2406 879 2456 quidem
891 2437 903 2456 ‚
933 2413 979 2445 ut
1001 2408 1196 2455 arbitror,
1253 2407 1371 2445 n'emo
1394 2404 1558 2447 ridebit.

167 2459 283 2503 Doni.
304 2458 538 2500 Calderinus
557 2462 656 2500 mire
673 2461 957 2515 interpretatus
981 2470 1060 2502 est:
1090 2463 1280 2502 victoviae
1298 2460 1559 2501 volucr-isam.-

100 2534 103 2537 ·
169 2513 248 2554 des.
333 2515 454 2553 Juxta
482 2516 588 2556 hanc
619 2518 820 2558 Victoriae
850 2521 987 2559 aedem
1014 2520 1193 2571 positum
1219 2519 1297 2558 fujt
1313 2519 1483 2558 Hecates
1500 2517 1560 2560 si,

167 2584 290 2626 gnum
310 2572 482 2627 triplex,
512 2575 738 2619 Alcamenis
756 2590 869 2629 opus.
888 2577 982 2616 vide
999 2577 1049 2626 II,
1069 2580 1138 2625 30,
1159 2580 1197 2619 2.

279 2628 320 2683 ff.
352 2633 390 2671 5.
421 2628 546 2688 ταύτῃ
566 2633 693 2684 ῥίψας
714 2649 750 2674 κ.
778 2639 810 2675 λ.
842 2635 890 2672 cf.
919 2635 1023 2672 Plut.
1055 2632 1171 2671 Thes.
1210 2637 1273 2677 16.
1299 2636 1368 2676 21.
1411 2631 1559 2671 catulli

163 2684 475 2738 Epithalamium
497 2691 583 2731 242
604 2702 691 2741 sqq.
717 2697 756 2728 et
773 2697 932 2743 praeter
962 2690 1154 2742 Sponium
1182 2689 1381 2734 Meursius
1411 2688 1462 2727 de
1487 2700 1558 2728 re-

166 2744 246 2796 gib.
277 2740 418 2782 Athen.
450 2743 520 2796 111,
544 2749 584 2790 4.
643 2745 756 2787 Adeo
774 2746 1296 2807 'I'roezenlprospiciebatur
1317 2759 1370 2789 ex
1387 2759 1491 2786 arce.
1510 2755 1554 2782 v.
