<?xml version="1.0" encoding="UTF-8"?>
<!DOCTYPE html PUBLIC "-//W3C//DTD XHTML 1.0 Transitional//EN"
    "http://www.w3.org/TR/xhtml1/DTD/xhtml1-transitional.dtd">
<html xmlns="http://www.w3.org/1999/xhtml" xml:lang="en" lang="en">
 <head>
  <title>
</title>
<meta http-equiv="Content-Type" content="text/html;charset=utf-8" />
  <meta name='ocr-system' content='tesseract 3.04.00' />
  <meta name='ocr-capabilities' content='ocr_page ocr_carea ocr_par ocr_line ocrx_word'/>
</head>
<body>
  <div class='ocr_page' id='page_1' title='image "./pausaniaegraecia01pausuoft_0524.png"; bbox 0 0 1708 3086; ppageno 0'>
   <div class='ocr_carea' id='block_1_1' title="bbox 129 247 1224 308">
    <p class='ocr_par' dir='ltr' id='par_1_1' title="bbox 129 247 1224 308">
     <span class='ocr_line' id='line_1_1' title="bbox 129 247 1224 308; baseline 0.005 -23"><span class='ocrx_word' id='word_1_1' title='bbox 129 249 223 308; x_wconf 61' lang='grc' dir='ltr'><strong>Δ94</strong></span> <span class='ocrx_word' id='word_1_2' title='bbox 467 247 1224 302; x_wconf 41' lang='lat' dir='ltr'><strong>‚iio-,Nossra&#39;rioars</strong></span> 
     </span>
    </p>
   </div>
   <div class='ocr_carea' id='block_1_2' title="bbox 146 358 1574 1675">
    <p class='ocr_par' dir='ltr' id='par_1_2' title="bbox 146 358 1574 1675">
     <span class='ocr_line' id='line_1_2' title="bbox 161 358 1560 422; baseline 0.008 -22"><span class='ocrx_word' id='word_1_3' title='bbox 161 358 439 417; x_wconf 60' lang='lat' dir='ltr'><strong>nauigiissxvog</strong></span> <span class='ocrx_word' id='word_1_4' title='bbox 456 363 549 417; x_wconf 83' lang='lat' dir='ltr'><strong>plus</strong></span> <span class='ocrx_word' id='word_1_5' title='bbox 578 361 904 417; x_wconf 76' lang='lat' dir='ltr'><strong>reprehensionis</strong></span> <span class='ocrx_word' id='word_1_6' title='bbox 937 375 1058 417; x_wconf 79' lang='lat' dir='ltr'><strong>qnam</strong></span> <span class='ocrx_word' id='word_1_7' title='bbox 1083 366 1218 407; x_wconf 83' lang='lat' dir='ltr'><strong>laudis</strong></span> <span class='ocrx_word' id='word_1_8' title='bbox 1249 370 1476 422; x_wconf 79' lang='lat' dir='ltr'><strong>contineat,</strong></span> <span class='ocrx_word' id='word_1_9' title='bbox 1516 378 1560 415; x_wconf 69' lang='lat' dir='ltr'><strong>et</strong></span> 
     </span>
     <span class='ocr_line' id='line_1_3' title="bbox 164 418 1574 480; baseline 0.007 -21"><span class='ocrx_word' id='word_1_10' title='bbox 164 421 259 474; x_wconf 84' lang='lat' dir='ltr'><strong>quia</strong></span> <span class='ocrx_word' id='word_1_11' title='bbox 289 418 557 460; x_wconf 71' lang='lat' dir='ltr'><strong>Callimachus</strong></span> <span class='ocrx_word' id='word_1_12' title='bbox 595 436 619 460; x_wconf 86' lang='lat' dir='ltr'><strong>a</strong></span> <span class='ocrx_word' id='word_1_13' title='bbox 649 422 842 474; x_wconf 84' lang='lat' dir='ltr'><strong>Dionysio</strong></span> <span class='ocrx_word' id='word_1_14' title='bbox 880 429 921 462; x_wconf 90' lang='lat' dir='ltr'><strong>et</strong></span> <span class='ocrx_word' id='word_1_15' title='bbox 951 423 1138 463; x_wconf 83' lang='lat' dir='ltr'><strong>Vitruvio</strong></span> <span class='ocrx_word' id='word_1_16' title='bbox 1174 440 1256 465; x_wconf 88' lang='lat' dir='ltr'><strong>non</strong></span> <span class='ocrx_word' id='word_1_17' title='bbox 1283 426 1574 480; x_wconf 59' lang='lat' dir='ltr'><strong>reprehenda-f&#39;</strong></span> 
     </span>
     <span class='ocr_line' id='line_1_4' title="bbox 146 478 1559 538; baseline 0.006 -22"><span class='ocrx_word' id='word_1_18' title='bbox 146 485 232 519; x_wconf 60' lang='lat' dir='ltr'><strong>tur</strong></span> <span class='ocrx_word' id='word_1_19' title='bbox 251 478 324 516; x_wconf 87' lang='lat' dir='ltr'><strong>sed</strong></span> <span class='ocrx_word' id='word_1_20' title='bbox 341 478 550 529; x_wconf 78' lang='lat' dir='ltr'>laudetur,</span> <span class='ocrx_word' id='word_1_21' title='bbox 580 484 700 532; x_wconf 87' lang='lat' dir='ltr'><strong>atque</strong></span> <span class='ocrx_word' id='word_1_22' title='bbox 720 479 820 518; x_wconf 83' lang='lat' dir='ltr'><strong>adeo</strong></span> <span class='ocrx_word' id='word_1_23' title='bbox 841 479 952 533; x_wconf 83' lang='lat' dir='ltr'><strong>apud</strong></span> <span class='ocrx_word' id='word_1_24' title='bbox 973 480 1202 522; x_wconf 78' lang='lat' dir='ltr'><strong>Vitruvium</strong></span> <span class='ocrx_word' id='word_1_25' title='bbox 1219 483 1301 523; x_wconf 88' lang='lat' dir='ltr'><strong>hoc</strong></span> <span class='ocrx_word' id='word_1_26' title='bbox 1321 485 1456 538; x_wconf 82' lang='lat' dir='ltr'><strong>ipsum</strong></span> <span class='ocrx_word' id='word_1_27' title='bbox 1485 501 1559 530; x_wconf 67' lang='grc' dir='ltr'><strong>κα,</strong></span> 
     </span>
     <span class='ocr_line' id='line_1_5' title="bbox 160 531 1558 590; baseline 0.005 -15"><span class='ocrx_word' id='word_1_28' title='bbox 160 531 353 588; x_wconf 79' lang='grc' dir='ltr'><em>τάτεχνος</em></span> <span class='ocrx_word' id='word_1_29' title='bbox 377 550 462 575; x_wconf 89' lang='lat' dir='ltr'><strong>non</strong></span> <span class='ocrx_word' id='word_1_30' title='bbox 479 532 755 590; x_wconf 67' lang='grc' dir='ltr'><strong><em>κακφζότεχνος</em></strong></span> <span class='ocrx_word' id='word_1_31' title='bbox 774 537 943 587; x_wconf 84' lang='lat' dir='ltr'><strong>legatur.</strong></span> <span class='ocrx_word' id='word_1_32' title='bbox 1003 538 1218 590; x_wconf 88' lang='lat' dir='ltr'><strong>Dionysius</strong></span> <span class='ocrx_word' id='word_1_33' title='bbox 1247 541 1352 580; x_wconf 88' lang='lat' dir='ltr'><strong>enim</strong></span> <span class='ocrx_word' id='word_1_34' title='bbox 1373 543 1558 588; x_wconf 54' lang='lat' dir='ltr'><strong>Halicazxs</strong></span> 
     </span>
     <span class='ocr_line' id='line_1_6' title="bbox 161 586 1559 653; baseline 0.005 -21"><span class='ocrx_word' id='word_1_35' title='bbox 161 592 363 635; x_wconf 84' lang='lat' dir='ltr'><strong>nassensis</strong></span> <span class='ocrx_word' id='word_1_36' title='bbox 388 586 439 633; x_wconf 79' lang='lat' dir='ltr'><strong>tle</strong></span> <span class='ocrx_word' id='word_1_37' title='bbox 460 594 584 633; x_wconf 88' lang='lat' dir='ltr'><strong>Isocr.</strong></span> <span class='ocrx_word' id='word_1_38' title='bbox 608 607 647 650; x_wconf 86' lang='lat' dir='ltr'><strong>p.</strong></span> <span class='ocrx_word' id='word_1_39' title='bbox 668 594 853 645; x_wconf 84' lang='lat' dir='ltr'><strong>95-Sylb.</strong></span> <span class='ocrx_word' id='word_1_40' title='bbox 875 595 1035 647; x_wconf 85' lang='lat' dir='ltr'><strong>Lysiae,</strong></span> <span class='ocrx_word' id='word_1_41' title='bbox 1076 609 1195 648; x_wconf 87' lang='lat' dir='ltr'><strong>quem</strong></span> <span class='ocrx_word' id='word_1_42' title='bbox 1221 597 1362 637; x_wconf 89' lang='lat' dir='ltr'><strong>Cicero</strong></span> <span class='ocrx_word' id='word_1_43' title='bbox 1393 610 1559 653; x_wconf 75' lang='lat' dir='ltr'><strong>quoque</strong></span> 
     </span>
     <span class='ocr_line' id='line_1_7' title="bbox 160 649 1560 705; baseline 0.008 -18"><span class='ocrx_word' id='word_1_44' title='bbox 160 650 274 690; x_wconf 82' lang='lat' dir='ltr'>Brut.</span> <span class='ocrx_word' id='word_1_45' title='bbox 309 653 335 693; x_wconf 87' lang='lat'><strong>9</strong></span> <span class='ocrx_word' id='word_1_46' title='bbox 366 653 514 705; x_wconf 78' lang='lat' dir='ltr'><strong><em>egregie</em></strong></span> <span class='ocrx_word' id='word_1_47' title='bbox 542 649 724 690; x_wconf 82' lang='lat' dir='ltr'><strong>subtilem</strong></span> <span class='ocrx_word' id='word_1_48' title='bbox 755 650 853 689; x_wconf 88' lang='lat' dir='ltr'><strong>dicit</strong></span> <span class='ocrx_word' id='word_1_49' title='bbox 890 653 1152 704; x_wconf 82' lang='lat' dir='ltr'><strong>scriptorem,</strong></span> <span class='ocrx_word' id='word_1_50' title='bbox 1198 653 1431 696; x_wconf 83' lang='lat' dir='ltr'><strong>rhetoricen</strong></span> <span class='ocrx_word' id='word_1_51' title='bbox 1464 668 1560 702; x_wconf 74' lang='lat' dir='ltr'><strong>cum</strong></span> 
     </span>
     <span class='ocr_line' id='line_1_8' title="bbox 162 705 1560 765; baseline 0.009 -20"><span class='ocrx_word' id='word_1_52' title='bbox 162 707 377 747; x_wconf 81' lang='lat' dir='ltr'>Calamidis</span> <span class='ocrx_word' id='word_1_53' title='bbox 397 714 436 746; x_wconf 88' lang='lat' dir='ltr'><strong>et</strong></span> <span class='ocrx_word' id='word_1_54' title='bbox 454 705 688 746; x_wconf 81' lang='lat' dir='ltr'>Callimachi</span> <span class='ocrx_word' id='word_1_55' title='bbox 716 708 812 746; x_wconf 81' lang='lat' dir='ltr'><strong>artis</strong></span> <span class='ocrx_word' id='word_1_56' title='bbox 849 709 1038 760; x_wconf 87' lang='lat' dir='ltr'><strong>operibus</strong></span> <span class='ocrx_word' id='word_1_57' title='bbox 1061 714 1133 762; x_wconf 82' lang='grc' dir='ltr'><strong>τῆς</strong></span> <span class='ocrx_word' id='word_1_58' title='bbox 1158 708 1396 765; x_wconf 77' lang='grc' dir='ltr'><strong>λεπτότητος</strong></span> <span class='ocrx_word' id='word_1_59' title='bbox 1422 714 1560 759; x_wconf 64' lang='grc' dir='ltr'><strong><em>εἵνεκα</em></strong></span> 
     </span>
     <span class='ocr_line' id='line_1_9' title="bbox 160 761 1560 818; baseline 0.006 -16"><span class='ocrx_word' id='word_1_60' title='bbox 160 764 232 807; x_wconf 71' lang='grc' dir='ltr'><strong>καὶ</strong></span> <span class='ocrx_word' id='word_1_61' title='bbox 249 768 321 816; x_wconf 77' lang='grc' dir='ltr'><strong>τῆς</strong></span> <span class='ocrx_word' id='word_1_62' title='bbox 339 761 501 818; x_wconf 80' lang='grc' dir='ltr'><strong><em>χάριτος</em></strong></span> <span class='ocrx_word' id='word_1_63' title='bbox 518 770 746 817; x_wconf 76' lang='lat' dir='ltr'><strong>comparat,</strong></span> <span class='ocrx_word' id='word_1_64' title='bbox 785 765 994 807; x_wconf 79' lang='lat' dir='ltr'><strong>Vitruvius</strong></span> <span class='ocrx_word' id='word_1_65' title='bbox 1024 773 1170 806; x_wconf 63' lang='lat' dir='ltr'><strong>autemv</strong></span> <span class='ocrx_word' id='word_1_66' title='bbox 1187 768 1254 818; x_wconf 87' lang='lat' dir='ltr'><strong>IV,</strong></span> <span class='ocrx_word' id='word_1_67' title='bbox 1282 773 1303 812; x_wconf 89' lang='lat'>1</span> <span class='ocrx_word' id='word_1_68' title='bbox 1337 770 1390 810; x_wconf 89' lang='lat' dir='ltr'><strong>de</strong></span> <span class='ocrx_word' id='word_1_69' title='bbox 1415 767 1560 817; x_wconf 61' lang='lat' dir='ltr'><strong>eodem</strong></span> 
     </span>
     <span class='ocr_line' id='line_1_10' title="bbox 158 820 1559 878; baseline 0.006 -19"><span class='ocrx_word' id='word_1_70' title='bbox 158 822 218 863; x_wconf 86' lang='lat' dir='ltr'><strong>ita</strong></span> <span class='ocrx_word' id='word_1_71' title='bbox 238 822 424 873; x_wconf 84' lang='lat' dir='ltr'><strong>scripsit:</strong></span> <span class='ocrx_word' id='word_1_72' title='bbox 457 820 756 861; x_wconf 85' lang='lat' dir='ltr'><strong>»Callimachus</strong></span> <span class='ocrx_word' id='word_1_73' title='bbox 769 852 780 871; x_wconf 90' lang='lat'>‚</span> <span class='ocrx_word' id='word_1_74' title='bbox 819 823 890 874; x_wconf 90' lang='lat' dir='ltr'><strong>qui</strong></span> <span class='ocrx_word' id='word_1_75' title='bbox 909 831 1080 876; x_wconf 87' lang='lat' dir='ltr'><strong>propter</strong></span> <span class='ocrx_word' id='word_1_76' title='bbox 1102 825 1338 878; x_wconf 83' lang='lat' dir='ltr'><strong>elegantiam</strong></span> <span class='ocrx_word' id='word_1_77' title='bbox 1368 829 1559 869; x_wconf 81' lang='lat' dir='ltr'><strong>et-subti-</strong></span> 
     </span>
     <span class='ocr_line' id='line_1_11' title="bbox 158 879 1560 937; baseline 0.004 -19"><span class='ocrx_word' id='word_1_78' title='bbox 158 880 314 924; x_wconf 82' lang='lat' dir='ltr'><strong>litatem</strong></span> <span class='ocrx_word' id='word_1_79' title='bbox 336 885 432 917; x_wconf 80' lang='lat' dir='ltr'><strong>artis</strong></span> <span class='ocrx_word' id='word_1_80' title='bbox 463 893 710 918; x_wconf 82' lang='lat' dir='ltr'><strong>marmoreae</strong></span> <span class='ocrx_word' id='word_1_81' title='bbox 740 879 790 917; x_wconf 92' lang='lat' dir='ltr'><strong>ab</strong></span> <span class='ocrx_word' id='word_1_82' title='bbox 822 879 1134 920; x_wconf 85' lang='lat' dir='ltr'><strong>Atheniensibus</strong></span> <span class='ocrx_word' id='word_1_83' title='bbox 1163 880 1399 937; x_wconf 78' lang='grc' dir='ltr'><strong><em>κατάτεχνος</em></strong></span> <span class='ocrx_word' id='word_1_84' title='bbox 1421 885 1560 926; x_wconf 70' lang='lat' dir='ltr'><strong>filerat</strong></span> 
     </span>
     <span class='ocr_line' id='line_1_12' title="bbox 157 936 1559 992; baseline 0.006 -17"><span class='ocrx_word' id='word_1_85' title='bbox 157 936 400 978; x_wconf 80' lang='lat' dir='ltr'><strong>nominatus.</strong></span> <span class='ocrx_word' id='word_1_86' title='bbox 414 951 434 972; x_wconf 78' lang='grc' dir='ltr'><strong>ι(</strong></span> <span class='ocrx_word' id='word_1_87' title='bbox 463 937 543 975; x_wconf 89' lang='lat' dir='ltr'><strong>Sed</strong></span> <span class='ocrx_word' id='word_1_88' title='bbox 560 943 606 975; x_wconf 91' lang='lat' dir='ltr'><strong>ut</strong></span> <span class='ocrx_word' id='word_1_89' title='bbox 627 942 738 975; x_wconf 86' lang='lat' dir='ltr'><strong>recte</strong></span> <span class='ocrx_word' id='word_1_90' title='bbox 761 937 872 989; x_wconf 83' lang='lat' dir='ltr'><strong>apud</strong></span> <span class='ocrx_word' id='word_1_91' title='bbox 894 937 1123 977; x_wconf 84' lang='lat' dir='ltr'><strong>Vitruvium</strong></span> <span class='ocrx_word' id='word_1_92' title='bbox 1141 940 1197 978; x_wconf 91' lang='lat' dir='ltr'><strong>ita</strong></span> <span class='ocrx_word' id='word_1_93' title='bbox 1212 940 1388 992; x_wconf 80' lang='lat' dir='ltr'><strong>legatur,</strong></span> <span class='ocrx_word' id='word_1_94' title='bbox 1425 955 1483 987; x_wconf 51' lang='lat' dir='ltr'><strong>⁴ex</strong></span> <span class='ocrx_word' id='word_1_95' title='bbox 1503 956 1559 986; x_wconf 35' lang='lat' dir='ltr'><strong>&lt;eo</strong></span> 
     </span>
     <span class='ocr_line' id='line_1_13' title="bbox 157 993 1559 1052; baseline 0.006 -21"><span class='ocrx_word' id='word_1_96' title='bbox 157 1008 242 1035; x_wconf 85' lang='lat' dir='ltr'><strong>non</strong></span> <span class='ocrx_word' id='word_1_97' title='bbox 264 994 456 1032; x_wconf 85' lang='lat' dir='ltr'><strong>continuo</strong></span> <span class='ocrx_word' id='word_1_98' title='bbox 478 993 682 1046; x_wconf 81' lang='lat' dir='ltr'><strong>sequitur,</strong></span> <span class='ocrx_word' id='word_1_99' title='bbox 715 994 854 1032; x_wconf 80' lang='lat' dir='ltr'><strong>eodem</strong></span> <span class='ocrx_word' id='word_1_100' title='bbox 878 996 999 1034; x_wconf 86' lang='lat' dir='ltr'><strong>modo</strong></span> <span class='ocrx_word' id='word_1_101' title='bbox 1040 995 1299 1037; x_wconf 80' lang='lat' dir='ltr'><strong>scribendum</strong></span> <span class='ocrx_word' id='word_1_102' title='bbox 1329 1012 1416 1038; x_wconf 80' lang='lat' dir='ltr'><strong>esse</strong></span> <span class='ocrx_word' id='word_1_103' title='bbox 1445 999 1559 1052; x_wconf 73' lang='lat' dir='ltr'><strong>apud</strong></span> 
     </span>
     <span class='ocr_line' id='line_1_14' title="bbox 157 1050 1559 1101; baseline 0.004 -9"><span class='ocrx_word' id='word_1_104' title='bbox 157 1051 418 1101; x_wconf 76' lang='lat' dir='ltr'><strong>Pausanimn3</strong></span> <span class='ocrx_word' id='word_1_105' title='bbox 457 1050 540 1089; x_wconf 86' lang='lat' dir='ltr'><strong>imo</strong></span> <span class='ocrx_word' id='word_1_106' title='bbox 574 1051 712 1089; x_wconf 77' lang='lat' dir='ltr'><strong>invito&#39;</strong></span> <span class='ocrx_word' id='word_1_107' title='bbox 745 1052 964 1091; x_wconf 81' lang='lat' dir='ltr'><strong>Pausaniae</strong></span> <span class='ocrx_word' id='word_1_108' title='bbox 1005 1052 1107 1091; x_wconf 88' lang='lat' dir='ltr'><strong>haec</strong></span> <span class='ocrx_word' id='word_1_109' title='bbox 1141 1053 1428 1097; x_wconf 70' lang='lat' dir='ltr'><strong>obtruderem</strong></span> <span class='ocrx_word' id='word_1_110' title='bbox 1453 1058 1559 1098; x_wconf 74' lang='lat' dir='ltr'><strong>sori·</strong></span> 
     </span>
     <span class='ocr_line' id='line_1_15' title="bbox 157 1107 1558 1167; baseline 0.006 -20"><span class='ocrx_word' id='word_1_111' title='bbox 157 1115 302 1163; x_wconf 64' lang='lat' dir='ltr'><strong>ptura:</strong></span> <span class='ocrx_word' id='word_1_112' title='bbox 336 1107 402 1146; x_wconf 85' lang='lat' dir='ltr'><strong>hic</strong></span> <span class='ocrx_word' id='word_1_113' title='bbox 426 1109 530 1146; x_wconf 85' lang='lat' dir='ltr'><strong>enim</strong></span> <span class='ocrx_word' id='word_1_114' title='bbox 549 1108 686 1157; x_wconf 67' lang='lat' dir='ltr'><strong>refert,</strong></span> <span class='ocrx_word' id='word_1_115' title='bbox 710 1108 999 1148; x_wconf 83' lang='lat' dir='ltr'><strong>Callimachum</strong></span> <span class='ocrx_word' id='word_1_116' title='bbox 1019 1108 1100 1149; x_wconf 90' lang='lat' dir='ltr'><strong>hoc</strong></span> <span class='ocrx_word' id='word_1_117' title='bbox 1116 1113 1412 1164; x_wconf 87' lang='lat' dir='ltr'><strong>cognomenvel</strong></span> <span class='ocrx_word' id='word_1_118' title='bbox 1421 1114 1558 1167; x_wconf 76' lang='lat' dir='ltr'><strong>ipsum</strong></span> 
     </span>
     <span class='ocr_line' id='line_1_16' title="bbox 159 1165 1558 1219; baseline 0.006 -15"><span class='ocrx_word' id='word_1_119' title='bbox 159 1165 391 1204; x_wconf 82' lang='lat' dir='ltr'><strong>assumsisse</strong></span> <span class='ocrx_word' id='word_1_120' title='bbox 405 1194 416 1213; x_wconf 93' lang='lat'>‚</span> <span class='ocrx_word' id='word_1_121' title='bbox 475 1165 542 1204; x_wconf 86' lang='lat' dir='ltr'><strong>vel</strong></span> <span class='ocrx_word' id='word_1_122' title='bbox 568 1166 616 1203; x_wconf 87' lang='lat' dir='ltr'><strong>ab</strong></span> <span class='ocrx_word' id='word_1_123' title='bbox 637 1165 726 1203; x_wconf 88' lang='lat' dir='ltr'><strong>aliis</strong></span> <span class='ocrx_word' id='word_1_124' title='bbox 749 1165 887 1204; x_wconf 83' lang='lat' dir='ltr'><strong>datum</strong></span> <span class='ocrx_word' id='word_1_125' title='bbox 906 1180 1135 1219; x_wconf 84' lang='lat' dir='ltr'><strong>usurpasse.</strong></span> <span class='ocrx_word' id='word_1_126' title='bbox 1221 1170 1325 1208; x_wconf 88' lang='lat' dir='ltr'><strong>Eum</strong></span> <span class='ocrx_word' id='word_1_127' title='bbox 1346 1184 1446 1211; x_wconf 82' lang='lat' dir='ltr'><strong>vero</strong></span> <span class='ocrx_word' id='word_1_128' title='bbox 1477 1171 1558 1216; x_wconf 80' lang='lat' dir='ltr'><strong>sibi</strong></span> 
     </span>
     <span class='ocr_line' id='line_1_17' title="bbox 157 1220 1559 1276; baseline 0.005 -14"><span class='ocrx_word' id='word_1_129' title='bbox 157 1222 293 1275; x_wconf 83' lang='lat' dir='ltr'><strong>ipsum</strong></span> <span class='ocrx_word' id='word_1_130' title='bbox 316 1222 495 1260; x_wconf 83' lang='lat' dir='ltr'><strong>induisse</strong></span> <span class='ocrx_word' id='word_1_131' title='bbox 516 1235 736 1273; x_wconf 87' lang='lat' dir='ltr'><strong>cognomen</strong></span> <span class='ocrx_word' id='word_1_132' title='bbox 755 1220 1019 1276; x_wconf 82' lang='grc' dir='ltr'><strong><em>κατάτεχνον,</em></strong></span> <span class='ocrx_word' id='word_1_133' title='bbox 1054 1238 1173 1276; x_wconf 87' lang='lat' dir='ltr'><strong>quam</strong></span> <span class='ocrx_word' id='word_1_134' title='bbox 1190 1239 1270 1265; x_wconf 90' lang='lat' dir='ltr'><strong>non</strong></span> <span class='ocrx_word' id='word_1_135' title='bbox 1293 1233 1354 1266; x_wconf 85' lang='lat' dir='ltr'><strong>est</strong></span> <span class='ocrx_word' id='word_1_136' title='bbox 1379 1227 1559 1271; x_wconf 63' lang='lat' dir='ltr'><strong>eredibi-</strong></span> 
     </span>
     <span class='ocr_line' id='line_1_18' title="bbox 155 1278 1558 1339; baseline 0.006 -23"><span class='ocrx_word' id='word_1_137' title='bbox 155 1280 216 1329; x_wconf 88' lang='lat' dir='ltr'><strong>le,</strong></span> <span class='ocrx_word' id='word_1_138' title='bbox 249 1280 333 1317; x_wconf 88' lang='lat' dir='ltr'><strong>sive</strong></span> <span class='ocrx_word' id='word_1_139' title='bbox 361 1279 466 1317; x_wconf 84' lang='lat' dir='ltr'><strong>illud</strong></span> <span class='ocrx_word' id='word_1_140' title='bbox 491 1278 674 1317; x_wconf 78' lang='lat' dir='ltr'><strong>omnihus</strong></span> <span class='ocrx_word' id='word_1_141' title='bbox 702 1281 802 1318; x_wconf 74' lang='lat' dir='ltr'><strong>artis</strong></span> <span class='ocrx_word' id='word_1_142' title='bbox 830 1278 976 1332; x_wconf 74' lang='lat' dir='ltr'><strong>regulis</strong></span> <span class='ocrx_word' id='word_1_143' title='bbox 1006 1278 1216 1334; x_wconf 74' lang='lat' dir='ltr'><strong>diligenter</strong></span> <span class='ocrx_word' id='word_1_144' title='bbox 1241 1283 1558 1339; x_wconf 73' lang='lat' dir='ltr'><strong>satisfacientem</strong></span> 
     </span>
     <span class='ocr_line' id='line_1_19' title="bbox 157 1335 1558 1388; baseline 0.006 -12"><span class='ocrx_word' id='word_1_145' title='bbox 157 1337 245 1377; x_wconf 77' lang='lat' dir='ltr'><strong>sive</strong></span> <span class='ocrx_word' id='word_1_146' title='bbox 268 1349 359 1375; x_wconf 89' lang='lat' dir='ltr'><strong>cum</strong></span> <span class='ocrx_word' id='word_1_147' title='bbox 378 1335 624 1374; x_wconf 81' lang='lat' dir='ltr'><strong>Schneidero</strong></span> <span class='ocrx_word' id='word_1_148' title='bbox 643 1336 921 1388; x_wconf 78' lang='lat' dir='ltr'><strong>interpreteris</strong></span> <span class='ocrx_word' id='word_1_149' title='bbox 945 1335 1014 1375; x_wconf 78' lang='lat' dir='ltr'><strong>der</strong></span> <span class='ocrx_word' id='word_1_150' title='bbox 1051 1335 1324 1381; x_wconf 75' lang='lat' dir='ltr'><strong>Gekiinstelte!</strong></span> <span class='ocrx_word' id='word_1_151' title='bbox 1360 1341 1465 1383; x_wconf 81' lang='lat' dir='ltr'><strong>Huc·</strong></span> <span class='ocrx_word' id='word_1_152' title='bbox 1485 1356 1558 1384; x_wconf 67' lang='lat' dir='ltr'><strong>ao-</strong></span> 
     </span>
     <span class='ocr_line' id='line_1_20' title="bbox 157 1385 1557 1457; baseline 0.004 -23"><span class='ocrx_word' id='word_1_153' title='bbox 157 1385 286 1443; x_wconf 80' lang='lat' dir='ltr'><strong>cedit,</strong></span> <span class='ocrx_word' id='word_1_154' title='bbox 319 1393 426 1445; x_wconf 86' lang='lat' dir='ltr'><strong>quod</strong></span> <span class='ocrx_word' id='word_1_155' title='bbox 445 1394 652 1444; x_wconf 83' lang='lat' dir='ltr'><strong>vulgatam</strong></span> <span class='ocrx_word' id='word_1_156' title='bbox 670 1394 889 1432; x_wconf 82' lang='lat' dir='ltr'><strong>Pausaniae</strong></span> <span class='ocrx_word' id='word_1_157' title='bbox 908 1395 1151 1447; x_wconf 76' lang='lat' dir='ltr'><strong>scripturam</strong></span> <span class='ocrx_word' id='word_1_158' title='bbox 1170 1398 1325 1448; x_wconf 89' lang='lat' dir='ltr'><strong>egregie</strong></span> <span class='ocrx_word' id='word_1_159' title='bbox 1344 1398 1557 1457; x_wconf 56' lang='lat' dir='ltr'><strong>confirmae</strong></span> 
     </span>
     <span class='ocr_line' id='line_1_21' title="bbox 155 1450 1556 1504; baseline 0.004 -13"><span class='ocrx_word' id='word_1_160' title='bbox 155 1452 225 1491; x_wconf 85' lang='lat' dir='ltr'><strong>ille</strong></span> <span class='ocrx_word' id='word_1_161' title='bbox 243 1452 359 1490; x_wconf 80' lang='lat' dir='ltr'><strong>locus</strong></span> <span class='ocrx_word' id='word_1_162' title='bbox 378 1450 497 1490; x_wconf 89' lang='lat' dir='ltr'><strong>Plinii</strong></span> <span class='ocrx_word' id='word_1_163' title='bbox 530 1450 727 1500; x_wconf 81' lang='lat' dir='ltr'>XXXIV,</span> <span class='ocrx_word' id='word_1_164' title='bbox 769 1454 809 1500; x_wconf 86' lang='lat'><strong>8,</strong></span> <span class='ocrx_word' id='word_1_165' title='bbox 843 1454 895 1494; x_wconf 87' lang='lat'><strong>19</strong></span> <span class='ocrx_word' id='word_1_166' title='bbox 922 1465 963 1503; x_wconf 87' lang='lat' dir='ltr'><strong>p.</strong></span> <span class='ocrx_word' id='word_1_167' title='bbox 996 1455 1081 1495; x_wconf 82' lang='lat'><strong>246</strong></span> <span class='ocrx_word' id='word_1_168' title='bbox 1106 1453 1216 1504; x_wconf 85' lang='lat' dir='ltr'><strong>Bip.:</strong></span> <span class='ocrx_word' id='word_1_169' title='bbox 1246 1455 1338 1493; x_wconf 83' lang='lat' dir='ltr'><strong>»Ex</strong></span> <span class='ocrx_word' id='word_1_170' title='bbox 1369 1456 1556 1496; x_wconf 76' lang='lat' dir='ltr'><strong>omnibus</strong></span> 
     </span>
     <span class='ocr_line' id='line_1_22' title="bbox 154 1507 1558 1563; baseline 0.004 -15"><span class='ocrx_word' id='word_1_171' title='bbox 154 1509 330 1548; x_wconf 85' lang='lat' dir='ltr'><strong>maxime</strong></span> <span class='ocrx_word' id='word_1_172' title='bbox 344 1507 580 1559; x_wconf 76' lang='lat' dir='ltr'><strong>cognomine</strong></span> <span class='ocrx_word' id='word_1_173' title='bbox 596 1507 762 1558; x_wconf 83' lang='lat' dir='ltr'><strong>insignis</strong></span> <span class='ocrx_word' id='word_1_174' title='bbox 780 1514 840 1545; x_wconf 88' lang='lat' dir='ltr'><strong>est</strong></span> <span class='ocrx_word' id='word_1_175' title='bbox 854 1507 1134 1558; x_wconf 83' lang='lat' dir='ltr'><strong>Callimachus,</strong></span> <span class='ocrx_word' id='word_1_176' title='bbox 1164 1526 1312 1563; x_wconf 82' lang='lat' dir='ltr'><strong>semper</strong></span> <span class='ocrx_word' id='word_1_177' title='bbox 1328 1510 1558 1554; x_wconf 55' lang='lat' dir='ltr'><strong>calumnia*</strong></span> 
     </span>
     <span class='ocr_line' id='line_1_23' title="bbox 155 1562 1556 1619; baseline 0.004 -14"><span class='ocrx_word' id='word_1_178' title='bbox 155 1576 222 1605; x_wconf 77' lang='lat' dir='ltr'><strong>ior</strong></span> <span class='ocrx_word' id='word_1_179' title='bbox 248 1566 333 1614; x_wconf 85' lang='lat' dir='ltr'><strong>sui,</strong></span> <span class='ocrx_word' id='word_1_180' title='bbox 378 1580 447 1604; x_wconf 80' lang='lat' dir='ltr'><strong>nec</strong></span> <span class='ocrx_word' id='word_1_181' title='bbox 461 1565 592 1619; x_wconf 83' lang='lat' dir='ltr'><strong>finem</strong></span> <span class='ocrx_word' id='word_1_182' title='bbox 622 1562 770 1602; x_wconf 63' lang='lat' dir='ltr'><strong>liabens</strong></span> <span class='ocrx_word' id='word_1_183' title='bbox 794 1562 1044 1617; x_wconf 72' lang='lat' dir='ltr'><strong>diligentiae,</strong></span> <span class='ocrx_word' id='word_1_184' title='bbox 1091 1566 1142 1604; x_wconf 91' lang='lat' dir='ltr'><strong>ob</strong></span> <span class='ocrx_word' id='word_1_185' title='bbox 1175 1567 1222 1605; x_wconf 81' lang='lat' dir='ltr'><strong>id</strong></span> <span class='ocrx_word' id='word_1_186' title='bbox 1246 1565 1556 1618; x_wconf 67' lang='lat' dir='ltr'><strong>Cacizotecknos</strong></span> 
     </span>
     <span class='ocr_line' id='line_1_24' title="bbox 155 1620 1554 1675; baseline 0.004 -14"><span class='ocrx_word' id='word_1_187' title='bbox 155 1622 383 1675; x_wconf 81' lang='lat' dir='ltr'><strong>appellatus</strong></span> <span class='ocrx_word' id='word_1_188' title='bbox 399 1651 409 1669; x_wconf 91' lang='lat'><strong>,</strong></span> <span class='ocrx_word' id='word_1_189' title='bbox 462 1620 717 1660; x_wconf 84' lang='lat' dir='ltr'><strong>memorabili</strong></span> <span class='ocrx_word' id='word_1_190' title='bbox 748 1622 934 1673; x_wconf 82' lang='lat' dir='ltr'><strong>exemplo</strong></span> <span class='ocrx_word' id='word_1_191' title='bbox 970 1622 1189 1662; x_wconf 86' lang='lat' dir='ltr'><strong>adhibendi</strong></span> <span class='ocrx_word' id='word_1_192' title='bbox 1219 1637 1339 1664; x_wconf 87' lang='lat' dir='ltr'><strong>curae</strong></span> <span class='ocrx_word' id='word_1_193' title='bbox 1371 1627 1554 1671; x_wconf 52' lang='lat' dir='ltr'><strong>modum&lt;</strong></span> 
     </span>
    </p>
   </div>
   <div class='ocr_carea' id='block_1_3' title="bbox 152 1678 1632 1736">
    <p class='ocr_par' dir='ltr' id='par_1_3' title="bbox 152 1678 1632 1736">
     <span class='ocr_line' id='line_1_25' title="bbox 152 1678 1632 1736; baseline 0 -18"><span class='ocrx_word' id='word_1_194' title='bbox 152 1679 286 1732; x_wconf 85' lang='lat' dir='ltr'><strong>Hujus</strong></span> <span class='ocrx_word' id='word_1_195' title='bbox 305 1685 397 1717; x_wconf 87' lang='lat' dir='ltr'><strong>sunt</strong></span> <span class='ocrx_word' id='word_1_196' title='bbox 416 1679 606 1717; x_wconf 81' lang='lat' dir='ltr'><strong>saltantes</strong></span> <span class='ocrx_word' id='word_1_197' title='bbox 620 1678 845 1726; x_wconf 85' lang='lat' dir='ltr'><strong>Lacaenae,</strong></span> <span class='ocrx_word' id='word_1_198' title='bbox 879 1678 1131 1718; x_wconf 80' lang='lat' dir='ltr'><strong>emendatum</strong></span> <span class='ocrx_word' id='word_1_199' title='bbox 1154 1694 1256 1731; x_wconf 90' lang='lat' dir='ltr'><strong>opus</strong></span> <span class='ocrx_word' id='word_1_200' title='bbox 1272 1711 1282 1728; x_wconf 91' lang='lat'><strong>,</strong></span> <span class='ocrx_word' id='word_1_201' title='bbox 1314 1682 1387 1720; x_wconf 86' lang='lat' dir='ltr'><strong>sed</strong></span> <span class='ocrx_word' id='word_1_202' title='bbox 1404 1683 1446 1722; x_wconf 88' lang='lat' dir='ltr'><strong>in</strong></span> <span class='ocrx_word' id='word_1_203' title='bbox 1468 1697 1554 1736; x_wconf 80' lang='lat' dir='ltr'><strong>quo</strong></span> <span class='ocrx_word' id='word_1_204' title='bbox 1587 1723 1589 1726; x_wconf 22' lang='lat'>⁸</span> <span class='ocrx_word' id='word_1_205' title='bbox 1629 1714 1632 1718; x_wconf 24' lang='grc' dir='ltr'><em>Α</em></span> 
     </span>
    </p>
   </div>
   <div class='ocr_carea' id='block_1_4' title="bbox 136 1734 1554 2814">
    <p class='ocr_par' dir='ltr' id='par_1_4' title="bbox 136 1734 1554 2814">
     <span class='ocr_line' id='line_1_26' title="bbox 154 1734 1554 1790; baseline 0.002 -15"><span class='ocrx_word' id='word_1_206' title='bbox 154 1738 324 1788; x_wconf 84' lang='lat' dir='ltr'><strong>gratiam</strong></span> <span class='ocrx_word' id='word_1_207' title='bbox 345 1748 502 1773; x_wconf 89' lang='lat' dir='ltr'><strong>omnem</strong></span> <span class='ocrx_word' id='word_1_208' title='bbox 523 1734 727 1784; x_wconf 86' lang='lat' dir='ltr'><strong>diligentia</strong></span> <span class='ocrx_word' id='word_1_209' title='bbox 756 1735 979 1772; x_wconf 83' lang='lat' dir='ltr'><strong>abstulerit.</strong></span> <span class='ocrx_word' id='word_1_210' title='bbox 993 1750 1014 1771; x_wconf 74' lang='lat' dir='ltr'><strong>&lt;t</strong></span> <span class='ocrx_word' id='word_1_211' title='bbox 1051 1737 1113 1774; x_wconf 81' lang='lat' dir='ltr'><strong>Ex</strong></span> <span class='ocrx_word' id='word_1_212' title='bbox 1138 1737 1284 1788; x_wconf 81' lang='lat' dir='ltr'><strong>quibus</strong></span> <span class='ocrx_word' id='word_1_213' title='bbox 1309 1745 1444 1790; x_wconf 83' lang='lat' dir='ltr'><strong>patet,</strong></span> <span class='ocrx_word' id='word_1_214' title='bbox 1480 1757 1554 1783; x_wconf 73' lang='grc' dir='ltr'><strong>κα-</strong></span> 
     </span>
     <span class='ocr_line' id='line_1_27' title="bbox 153 1789 1554 1847; baseline 0.001 -12"><span class='ocrx_word' id='word_1_215' title='bbox 153 1789 389 1845; x_wconf 74' lang='grc' dir='ltr'><strong><em>κιζότεχνον</em></strong></span> <span class='ocrx_word' id='word_1_216' title='bbox 418 1804 503 1829; x_wconf 86' lang='lat' dir='ltr'><strong>esse</strong></span> <span class='ocrx_word' id='word_1_217' title='bbox 531 1805 735 1844; x_wconf 80' lang='lat' dir='ltr'><strong>nunquam</strong></span> <span class='ocrx_word' id='word_1_218' title='bbox 753 1800 975 1830; x_wconf 74' lang='lat' dir='ltr'><strong>contentum</strong></span> <span class='ocrx_word' id='word_1_219' title='bbox 994 1793 1076 1831; x_wconf 80' lang='lat' dir='ltr'><strong>suis</strong></span> <span class='ocrx_word' id='word_1_220' title='bbox 1091 1795 1190 1831; x_wconf 72' lang='lat' dir='ltr'><strong>artis·</strong></span> <span class='ocrx_word' id='word_1_221' title='bbox 1211 1794 1411 1847; x_wconf 84' lang='lat' dir='ltr'><strong>operibus,</strong></span> <span class='ocrx_word' id='word_1_222' title='bbox 1441 1812 1554 1836; x_wconf 84' lang='lat' dir='ltr'><strong>sem-</strong></span> 
     </span>
     <span class='ocr_line' id='line_1_28' title="bbox 149 1847 1553 1904; baseline 0.004 -15"><span class='ocrx_word' id='word_1_223' title='bbox 149 1865 224 1904; x_wconf 87' lang='lat' dir='ltr'><strong>per</strong></span> <span class='ocrx_word' id='word_1_224' title='bbox 245 1847 575 1889; x_wconf 80' lang='lat' dir='ltr'><strong>calumniatorem</strong></span> <span class='ocrx_word' id='word_1_225' title='bbox 595 1861 755 1886; x_wconf 79' lang='lat' dir='ltr'><strong>suorum</strong></span> <span class='ocrx_word' id='word_1_226' title='bbox 778 1849 878 1887; x_wconf 84' lang='lat' dir='ltr'><strong>artis</strong></span> <span class='ocrx_word' id='word_1_227' title='bbox 899 1862 1070 1901; x_wconf 84' lang='lat' dir='ltr'><strong>operum.</strong></span> <span class='ocrx_word' id='word_1_228' title='bbox 1131 1851 1333 1890; x_wconf 87' lang='lat' dir='ltr'><strong>Gesnerus</strong></span> <span class='ocrx_word' id='word_1_229' title='bbox 1352 1852 1396 1891; x_wconf 88' lang='lat' dir='ltr'><strong>in</strong></span> <span class='ocrx_word' id='word_1_230' title='bbox 1424 1853 1553 1894; x_wconf 84' lang='lat' dir='ltr'><strong>Chre-</strong></span> 
     </span>
     <span class='ocr_line' id='line_1_29' title="bbox 153 1904 1553 1957; baseline 0.003 -11"><span class='ocrx_word' id='word_1_231' title='bbox 153 1913 271 1946; x_wconf 74' lang='lat' dir='ltr'><strong>stom.</strong></span> <span class='ocrx_word' id='word_1_232' title='bbox 292 1906 392 1944; x_wconf 87' lang='lat' dir='ltr'><strong>Plin.</strong></span> <span class='ocrx_word' id='word_1_233' title='bbox 413 1917 462 1957; x_wconf 86' lang='lat' dir='ltr'><strong>P·.</strong></span> <span class='ocrx_word' id='word_1_234' title='bbox 476 1906 560 1948; x_wconf 77' lang='grc'><strong>928</strong></span> <span class='ocrx_word' id='word_1_235' title='bbox 588 1904 896 1956; x_wconf 84' lang='lat' dir='ltr'><strong>interpretatur:</strong></span> <span class='ocrx_word' id='word_1_236' title='bbox 927 1916 1126 1945; x_wconf 82' lang='lat' dir='ltr'><strong>nocentem</strong></span> <span class='ocrx_word' id='word_1_237' title='bbox 1151 1909 1233 1946; x_wconf 81' lang='lat' dir='ltr'><strong>arti</strong></span> <span class='ocrx_word' id='word_1_238' title='bbox 1250 1923 1361 1957; x_wconf 82' lang='lat' dir='ltr'><strong>suae,</strong></span> <span class='ocrx_word' id='word_1_239' title='bbox 1392 1919 1429 1948; x_wconf 83' lang='lat' dir='ltr'><strong>et</strong></span> <span class='ocrx_word' id='word_1_240' title='bbox 1452 1909 1553 1950; x_wconf 78' lang='lat' dir='ltr'><strong>dili-</strong></span> 
     </span>
     <span class='ocr_line' id='line_1_30' title="bbox 148 1960 1552 2018; baseline 0.003 -16"><span class='ocrx_word' id='word_1_241' title='bbox 148 1962 287 2018; x_wconf 55' lang='lat' dir='ltr'><strong>g‘eniia</strong></span> <span class='ocrx_word' id='word_1_242' title='bbox 317 1977 403 2000; x_wconf 87' lang='lat' dir='ltr'><strong>eam</strong></span> <span class='ocrx_word' id='word_1_243' title='bbox 437 1970 758 2014; x_wconf 76' lang='lat' dir='ltr'><strong>corrumpentem.</strong></span> <span class='ocrx_word' id='word_1_244' title='bbox 789 1960 1076 2001; x_wconf 84' lang='lat' dir='ltr'><strong>Callimachum</strong></span> <span class='ocrx_word' id='word_1_245' title='bbox 1104 1975 1202 2002; x_wconf 87' lang='lat' dir='ltr'><strong>vero</strong></span> <span class='ocrx_word' id='word_1_246' title='bbox 1234 1965 1367 2016; x_wconf 85' lang='lat' dir='ltr'><strong>ipsum</strong></span> <span class='ocrx_word' id='word_1_247' title='bbox 1382 1980 1424 2006; x_wconf 80' lang='lat' dir='ltr'><strong>se</strong></span> <span class='ocrx_word' id='word_1_248' title='bbox 1449 1970 1552 2014; x_wconf 69' lang='lat' dir='ltr'><strong>arti-2</strong></span> 
     </span>
     <span class='ocr_line' id='line_1_31' title="bbox 153 2018 1550 2072; baseline 0.002 -13"><span class='ocrx_word' id='word_1_249' title='bbox 153 2029 424 2072; x_wconf 77' lang='lat' dir='ltr'><strong>corruptorem</strong></span> <span class='ocrx_word' id='word_1_250' title='bbox 442 2018 620 2056; x_wconf 88' lang='lat' dir='ltr'><strong>voluisse</strong></span> <span class='ocrx_word' id='word_1_251' title='bbox 643 2018 927 2069; x_wconf 84' lang='lat' dir='ltr'><strong>cognominari,</strong></span> <span class='ocrx_word' id='word_1_252' title='bbox 959 2020 1048 2070; x_wconf 87' lang='lat' dir='ltr'><strong>quis</strong></span> <span class='ocrx_word' id='word_1_253' title='bbox 1069 2020 1314 2060; x_wconf 80' lang='lat' dir='ltr'><strong>crediderit?</strong></span> <span class='ocrx_word' id='word_1_254' title='bbox 1343 2022 1486 2062; x_wconf 86' lang='lat' dir='ltr'><strong>Melius</strong></span> <span class='ocrx_word' id='word_1_255' title='bbox 1504 2026 1550 2072; x_wconf 71' lang='lat' dir='ltr'><strong>in</strong></span> 
     </span>
     <span class='ocr_line' id='line_1_32' title="bbox 150 2073 1553 2130; baseline 0.004 -15"><span class='ocrx_word' id='word_1_256' title='bbox 150 2075 328 2128; x_wconf 85' lang='lat' dir='ltr'><strong>Linguae</strong></span> <span class='ocrx_word' id='word_1_257' title='bbox 344 2077 548 2114; x_wconf 79' lang='lat' dir='ltr'><strong>Romanae</strong></span> <span class='ocrx_word' id='word_1_258' title='bbox 574 2073 779 2114; x_wconf 87' lang='lat' dir='ltr'><strong>Thesauro</strong></span> <span class='ocrx_word' id='word_1_259' title='bbox 801 2075 1005 2114; x_wconf 85' lang='lat' dir='ltr'><strong>redditur:</strong></span> <span class='ocrx_word' id='word_1_260' title='bbox 1036 2076 1266 2130; x_wconf 76' lang='lat' dir='ltr'><strong>improbans</strong></span> <span class='ocrx_word' id='word_1_261' title='bbox 1293 2094 1405 2118; x_wconf 84' lang='lat' dir='ltr'><strong>suum</strong></span> <span class='ocrx_word' id='word_1_262' title='bbox 1438 2082 1553 2120; x_wconf 76' lang='lat' dir='ltr'><strong>arti-</strong></span> 
     </span>
     <span class='ocr_line' id='line_1_33' title="bbox 136 2128 1550 2189; baseline 0.003 -16"><span class='ocrx_word' id='word_1_263' title='bbox 136 2130 316 2189; x_wconf 74' lang='lat' dir='ltr'><strong>ficium5</strong></span> <span class='ocrx_word' id='word_1_264' title='bbox 345 2143 518 2184; x_wconf 86' lang='lat' dir='ltr'><strong>namque</strong></span> <span class='ocrx_word' id='word_1_265' title='bbox 543 2131 692 2180; x_wconf 81' lang='grc' dir='ltr'><strong><em>κακίζω</em></strong></span> <span class='ocrx_word' id='word_1_266' title='bbox 716 2128 760 2173; x_wconf 78' lang='grc' dir='ltr'><strong>τὸ</strong></span> <span class='ocrx_word' id='word_1_267' title='bbox 780 2131 917 2187; x_wconf 80' lang='grc' dir='ltr'><em>ψέγω,</em></span> <span class='ocrx_word' id='word_1_268' title='bbox 948 2135 1123 2183; x_wconf 75' lang='grc' dir='ltr'><strong>κακίζει,</strong></span> <span class='ocrx_word' id='word_1_269' title='bbox 1155 2132 1394 2177; x_wconf 74' lang='grc' dir='ltr'><strong><em>ἐπισκώπτει</em></strong></span> <span class='ocrx_word' id='word_1_270' title='bbox 1418 2137 1550 2177; x_wconf 84' lang='lat' dir='ltr'><strong>inter-</strong></span> 
     </span>
     <span class='ocr_line' id='line_1_34' title="bbox 150 2187 1550 2243; baseline 0.003 -14"><span class='ocrx_word' id='word_1_271' title='bbox 150 2196 337 2243; x_wconf 84' lang='lat' dir='ltr'><strong>pretatur</strong></span> <span class='ocrx_word' id='word_1_272' title='bbox 357 2187 621 2227; x_wconf 85' lang='lat' dir='ltr'><strong>Phavorinus.</strong></span> <span class='ocrx_word' id='word_1_273' title='bbox 681 2188 733 2226; x_wconf 87' lang='lat' dir='ltr'><strong>Ut</strong></span> <span class='ocrx_word' id='word_1_274' title='bbox 751 2189 875 2240; x_wconf 85' lang='lat' dir='ltr'><strong>igitur</strong></span> <span class='ocrx_word' id='word_1_275' title='bbox 894 2191 1170 2240; x_wconf 85' lang='lat' dir='ltr'><strong>concedimus,</strong></span> <span class='ocrx_word' id='word_1_276' title='bbox 1201 2191 1243 2230; x_wconf 90' lang='lat' dir='ltr'><strong>in</strong></span> <span class='ocrx_word' id='word_1_277' title='bbox 1267 2189 1452 2231; x_wconf 71' lang='lat' dir='ltr'><strong>Vitruvio</strong></span> <span class='ocrx_word' id='word_1_278' title='bbox 1478 2208 1550 2234; x_wconf 71' lang='lat' dir='ltr'><strong>re-</strong></span> 
     </span>
     <span class='ocr_line' id='line_1_35' title="bbox 152 2242 1549 2299; baseline 0.004 -14"><span class='ocrx_word' id='word_1_279' title='bbox 152 2253 216 2286; x_wconf 90' lang='lat' dir='ltr'><strong>cte</strong></span> <span class='ocrx_word' id='word_1_280' title='bbox 234 2247 315 2298; x_wconf 85' lang='lat' dir='ltr'><strong>legi</strong></span> <span class='ocrx_word' id='word_1_281' title='bbox 336 2242 589 2299; x_wconf 80' lang='grc' dir='ltr'><strong><em>κατάτεχνος,</em></strong></span> <span class='ocrx_word' id='word_1_282' title='bbox 613 2243 669 2283; x_wconf 88' lang='lat' dir='ltr'><strong>ita</strong></span> <span class='ocrx_word' id='word_1_283' title='bbox 696 2258 908 2296; x_wconf 84' lang='lat' dir='ltr'><strong>negamus,</strong></span> <span class='ocrx_word' id='word_1_284' title='bbox 937 2245 1019 2285; x_wconf 83' lang='lat' dir='ltr'><strong>hoc</strong></span> <span class='ocrx_word' id='word_1_285' title='bbox 1044 2248 1086 2286; x_wconf 93' lang='lat' dir='ltr'><strong>in</strong></span> <span class='ocrx_word' id='word_1_286' title='bbox 1107 2249 1341 2288; x_wconf 77' lang='lat' dir='ltr'><strong>Pausaniam</strong></span> <span class='ocrx_word' id='word_1_287' title='bbox 1373 2251 1549 2299; x_wconf 63' lang='lat' dir='ltr'><strong>transfe7</strong></span> 
     </span>
     <span class='ocr_line' id='line_1_36' title="bbox 150 2302 1549 2358; baseline 0.006 -19"><span class='ocrx_word' id='word_1_288' title='bbox 150 2303 323 2355; x_wconf 49' lang='lat' dir='ltr'><strong>nendum</strong></span> <span class='ocrx_word' id='word_1_289' title='bbox 347 2317 445 2345; x_wconf 77' lang='lat' dir='ltr'><strong>esse.</strong></span> <span class='ocrx_word' id='word_1_290' title='bbox 463 2302 568 2342; x_wconf 87' lang='lat' dir='ltr'><strong>Fieri</strong></span> <span class='ocrx_word' id='word_1_291' title='bbox 586 2302 689 2341; x_wconf 81' lang='lat' dir='ltr'><strong>enim</strong></span> <span class='ocrx_word' id='word_1_292' title='bbox 710 2303 857 2354; x_wconf 87' lang='lat' dir='ltr'><strong>potuit,</strong></span> <span class='ocrx_word' id='word_1_293' title='bbox 888 2309 935 2341; x_wconf 90' lang='lat' dir='ltr'><strong>ut</strong></span> <span class='ocrx_word' id='word_1_294' title='bbox 947 2304 1055 2342; x_wconf 87' lang='lat' dir='ltr'><strong>idem</strong></span> <span class='ocrx_word' id='word_1_295' title='bbox 1076 2304 1125 2343; x_wconf 91' lang='lat' dir='ltr'><strong>ab</strong></span> <span class='ocrx_word' id='word_1_296' title='bbox 1146 2306 1232 2343; x_wconf 85' lang='lat' dir='ltr'><strong>aliis</strong></span> <span class='ocrx_word' id='word_1_297' title='bbox 1260 2313 1431 2358; x_wconf 83' lang='lat' dir='ltr'><strong>propter</strong></span> <span class='ocrx_word' id='word_1_298' title='bbox 1464 2308 1549 2350; x_wconf 79' lang='lat' dir='ltr'><strong>ele-</strong></span> 
     </span>
     <span class='ocr_line' id='line_1_37' title="bbox 150 2357 1550 2414; baseline 0.006 -16"><span class='ocrx_word' id='word_1_299' title='bbox 150 2357 327 2412; x_wconf 84' lang='lat' dir='ltr'><strong>gantiam</strong></span> <span class='ocrx_word' id='word_1_300' title='bbox 349 2366 388 2398; x_wconf 91' lang='lat' dir='ltr'><strong>et</strong></span> <span class='ocrx_word' id='word_1_301' title='bbox 405 2357 667 2406; x_wconf 85' lang='lat' dir='ltr'><strong>subtilitatem</strong></span> <span class='ocrx_word' id='word_1_302' title='bbox 689 2360 787 2398; x_wconf 80' lang='lat' dir='ltr'><strong>artis</strong></span> <span class='ocrx_word' id='word_1_303' title='bbox 808 2359 1043 2399; x_wconf 84' lang='lat' dir='ltr'><strong>laudaretur</strong></span> <span class='ocrx_word' id='word_1_304' title='bbox 1072 2361 1354 2414; x_wconf 80' lang='lat' dir='ltr'><strong>dicereturque</strong></span> <span class='ocrx_word' id='word_1_305' title='bbox 1385 2363 1550 2410; x_wconf 57' lang='lat' dir='ltr'><strong>mvdveq</strong></span> 
     </span>
     <span class='ocr_line' id='line_1_38' title="bbox 148 2416 1546 2470; baseline 0.004 -15"><span class='ocrx_word' id='word_1_306' title='bbox 148 2434 268 2470; x_wconf 72' lang='grc' dir='ltr'><strong><em>χνος,</em></strong></span> <span class='ocrx_word' id='word_1_307' title='bbox 299 2417 343 2456; x_wconf 85' lang='lat' dir='ltr'><strong>id</strong></span> <span class='ocrx_word' id='word_1_308' title='bbox 365 2417 477 2468; x_wconf 87' lang='lat' dir='ltr'><strong>quod</strong></span> <span class='ocrx_word' id='word_1_309' title='bbox 498 2417 649 2455; x_wconf 86' lang='lat' dir='ltr'><strong>sactum</strong></span> <span class='ocrx_word' id='word_1_310' title='bbox 667 2430 751 2455; x_wconf 88' lang='lat' dir='ltr'><strong>esse</strong></span> <span class='ocrx_word' id='word_1_311' title='bbox 767 2416 975 2456; x_wconf 85' lang='lat' dir='ltr'><strong>Vitruvius</strong></span> <span class='ocrx_word' id='word_1_312' title='bbox 995 2418 1202 2468; x_wconf 84' lang='lat' dir='ltr'><strong>significat,</strong></span> <span class='ocrx_word' id='word_1_313' title='bbox 1234 2419 1283 2457; x_wconf 87' lang='lat' dir='ltr'><strong>ab</strong></span> <span class='ocrx_word' id='word_1_314' title='bbox 1303 2419 1391 2458; x_wconf 85' lang='lat' dir='ltr'><strong>aliis</strong></span> <span class='ocrx_word' id='word_1_315' title='bbox 1410 2427 1546 2467; x_wconf 82' lang='lat' dir='ltr'><strong>autem</strong></span> 
     </span>
     <span class='ocr_line' id='line_1_39' title="bbox 152 2471 1549 2528; baseline 0.003 -15"><span class='ocrx_word' id='word_1_316' title='bbox 152 2474 204 2514; x_wconf 89' lang='lat' dir='ltr'><strong>ob</strong></span> <span class='ocrx_word' id='word_1_317' title='bbox 221 2473 383 2512; x_wconf 86' lang='lat' dir='ltr'><strong>nimiam</strong></span> <span class='ocrx_word' id='word_1_318' title='bbox 403 2473 650 2524; x_wconf 86' lang='lat' dir='ltr'><strong>diligentiam</strong></span> <span class='ocrx_word' id='word_1_319' title='bbox 671 2472 1034 2525; x_wconf 86' lang='lat' dir='ltr'><strong>reprehenderetur</strong></span> <span class='ocrx_word' id='word_1_320' title='bbox 1055 2481 1095 2514; x_wconf 88' lang='lat' dir='ltr'><strong>et</strong></span> <span class='ocrx_word' id='word_1_321' title='bbox 1116 2471 1391 2528; x_wconf 74' lang='grc' dir='ltr'><strong><em>κακιζότεχνος</em></strong></span> <span class='ocrx_word' id='word_1_322' title='bbox 1417 2491 1549 2527; x_wconf 62' lang='lat' dir='ltr'><strong>voca-5</strong></span> 
     </span>
     <span class='ocr_line' id='line_1_40' title="bbox 150 2529 1546 2588; baseline 0.002 -18"><span class='ocrx_word' id='word_1_323' title='bbox 150 2538 276 2580; x_wconf 76' lang='lat' dir='ltr'><strong>retur,</strong></span> <span class='ocrx_word' id='word_1_324' title='bbox 297 2531 365 2570; x_wconf 85' lang='lat' dir='ltr'><strong>vel</strong></span> <span class='ocrx_word' id='word_1_325' title='bbox 390 2531 476 2582; x_wconf 86' lang='lat' dir='ltr'><strong>ipse</strong></span> <span class='ocrx_word' id='word_1_326' title='bbox 497 2530 573 2568; x_wconf 89' lang='lat' dir='ltr'><strong>sibi</strong></span> <span class='ocrx_word' id='word_1_327' title='bbox 591 2529 672 2569; x_wconf 86' lang='lat' dir='ltr'><strong>hoc</strong></span> <span class='ocrx_word' id='word_1_328' title='bbox 692 2531 935 2581; x_wconf 81' lang='lat' dir='ltr'><strong>cognominis</strong></span> <span class='ocrx_word' id='word_1_329' title='bbox 957 2531 1192 2582; x_wconf 89' lang='lat' dir='ltr'><strong>imponeret,</strong></span> <span class='ocrx_word' id='word_1_330' title='bbox 1213 2532 1315 2588; x_wconf 79' lang='lat' dir='ltr'><strong>male</strong></span> <span class='ocrx_word' id='word_1_331' title='bbox 1334 2534 1417 2572; x_wconf 81' lang='lat' dir='ltr'><strong>suis</strong></span> <span class='ocrx_word' id='word_1_332' title='bbox 1442 2549 1546 2587; x_wconf 55' lang='grc' dir='ltr'><strong>ορθ-7</strong></span> 
     </span>
     <span class='ocr_line' id='line_1_41' title="bbox 149 2587 1548 2642; baseline 0.003 -14"><span class='ocrx_word' id='word_1_333' title='bbox 149 2589 263 2637; x_wconf 77' lang='lat' dir='ltr'><strong>ribus</strong></span> <span class='ocrx_word' id='word_1_334' title='bbox 299 2593 538 2639; x_wconf 67' lang='lat' dir='ltr'><strong>contentus,</strong></span> <span class='ocrx_word' id='word_1_335' title='bbox 598 2587 711 2640; x_wconf 83' lang='lat' dir='ltr'><strong>quod</strong></span> <span class='ocrx_word' id='word_1_336' title='bbox 738 2587 952 2626; x_wconf 87' lang='lat' dir='ltr'><strong>Pausanias</strong></span> <span class='ocrx_word' id='word_1_337' title='bbox 980 2602 1071 2626; x_wconf 89' lang='lat' dir='ltr'><strong>cum</strong></span> <span class='ocrx_word' id='word_1_338' title='bbox 1095 2589 1226 2628; x_wconf 88' lang='lat' dir='ltr'><strong>Plinio</strong></span> <span class='ocrx_word' id='word_1_339' title='bbox 1255 2598 1448 2642; x_wconf 86' lang='lat' dir='ltr'><strong>sequutus</strong></span> <span class='ocrx_word' id='word_1_340' title='bbox 1467 2597 1548 2632; x_wconf 60' lang='lat' dir='ltr'><strong>ese·</strong></span> 
     </span>
     <span class='ocr_line' id='line_1_42' title="bbox 150 2643 1554 2701; baseline 0.003 -17"><span class='ocrx_word' id='word_1_341' title='bbox 150 2645 301 2685; x_wconf 73' lang='lat' dir='ltr'><strong>Eadem</strong></span> <span class='ocrx_word' id='word_1_342' title='bbox 318 2645 400 2683; x_wconf 89' lang='lat' dir='ltr'><strong>fere</strong></span> <span class='ocrx_word' id='word_1_343' title='bbox 421 2644 499 2683; x_wconf 82' lang='lat' dir='ltr'><strong>suit</strong></span> <span class='ocrx_word' id='word_1_344' title='bbox 518 2645 714 2683; x_wconf 78' lang='lat' dir='ltr'><strong>sententia</strong></span> <span class='ocrx_word' id='word_1_345' title='bbox 732 2643 871 2683; x_wconf 88' lang='lat' dir='ltr'><strong>Matth.</strong></span> <span class='ocrx_word' id='word_1_346' title='bbox 901 2646 1079 2684; x_wconf 88' lang='lat' dir='ltr'><strong>Gesneri.</strong></span> <span class='ocrx_word' id='word_1_347' title='bbox 1096 2659 1135 2684; x_wconf 79' lang='lat' dir='ltr'><strong>v.</strong></span> <span class='ocrx_word' id='word_1_348' title='bbox 1159 2646 1353 2686; x_wconf 88' lang='lat' dir='ltr'><strong>Thesaur.</strong></span> <span class='ocrx_word' id='word_1_349' title='bbox 1373 2663 1403 2687; x_wconf 91' lang='lat' dir='ltr'><strong>s.</strong></span> <span class='ocrx_word' id='word_1_350' title='bbox 1413 2661 1452 2688; x_wconf 82' lang='lat' dir='ltr'><strong>v.</strong></span> <span class='ocrx_word' id='word_1_351' title='bbox 1465 2649 1554 2701; x_wconf 45' lang='lat' dir='ltr'><strong>Ca-x</strong></span> 
     </span>
     <span class='ocr_line' id='line_1_43' title="bbox 149 2693 1548 2755; baseline 0.003 -14"><span class='ocrx_word' id='word_1_352' title='bbox 149 2693 371 2754; x_wconf 76' lang='lat' dir='ltr'><strong>tatechnus.</strong></span> <span class='ocrx_word' id='word_1_353' title='bbox 403 2700 671 2740; x_wconf 78' lang='lat' dir='ltr'><strong>Schneiderus</strong></span> <span class='ocrx_word' id='word_1_354' title='bbox 691 2714 918 2754; x_wconf 86' lang='lat' dir='ltr'><strong>quanquam</strong></span> <span class='ocrx_word' id='word_1_355' title='bbox 945 2716 1028 2741; x_wconf 87' lang='lat' dir='ltr'><strong>rem</strong></span> <span class='ocrx_word' id='word_1_356' title='bbox 1060 2703 1176 2742; x_wconf 89' lang='lat' dir='ltr'><strong>aliter</strong></span> <span class='ocrx_word' id='word_1_357' title='bbox 1204 2705 1381 2755; x_wconf 81' lang='lat' dir='ltr'><strong>cogitans</strong></span> <span class='ocrx_word' id='word_1_358' title='bbox 1408 2707 1548 2749; x_wconf 75' lang='lat' dir='ltr'><strong>tamen</strong></span> 
     </span>
     <span class='ocr_line' id='line_1_44' title="bbox 152 2759 1546 2814; baseline 0.002 -14"><span class='ocrx_word' id='word_1_359' title='bbox 152 2773 265 2813; x_wconf 79' lang='lat' dir='ltr'><strong>suam</strong></span> <span class='ocrx_word' id='word_1_360' title='bbox 282 2759 443 2811; x_wconf 80' lang='lat' dir='ltr'><strong>utrique</strong></span> <span class='ocrx_word' id='word_1_361' title='bbox 463 2759 653 2811; x_wconf 81' lang='lat' dir='ltr'><strong>scriptori</strong></span> <span class='ocrx_word' id='word_1_362' title='bbox 670 2759 882 2799; x_wconf 81' lang='lat' dir='ltr'><strong>lectionem</strong></span> <span class='ocrx_word' id='word_1_363' title='bbox 912 2760 1105 2814; x_wconf 81' lang='lat' dir='ltr'><strong>relinquit</strong></span> <span class='ocrx_word' id='word_1_364' title='bbox 1125 2775 1156 2800; x_wconf 81' lang='lat' dir='ltr'><strong>s.</strong></span> <span class='ocrx_word' id='word_1_365' title='bbox 1173 2775 1212 2803; x_wconf 80' lang='lat' dir='ltr'><strong>v.</strong></span> <span class='ocrx_word' id='word_1_366' title='bbox 1236 2761 1410 2813; x_wconf 64' lang='grc' dir='ltr'><strong>κακιζότ,</strong></span> <span class='ocrx_word' id='word_1_367' title='bbox 1437 2762 1546 2810; x_wconf 26' lang='lat' dir='ltr'><strong>Nih-</strong></span> 
     </span>
    </p>
   </div>
  </div>
 </body>
</html>
